Date,CUST,SKU,SALES,Forecast_Type
1/4/2014,7577,12GL,100,ACTUAL
1/5/2014,7577,12GL,4,ACTUAL
1/6/2014,7577,12GL,0,ACTUAL
1/7/2014,7577,12GL,0,ACTUAL
1/8/2014,7577,12GL,13,ACTUAL
1/9/2014,7577,12GL,0,ACTUAL
1/10/2014,7577,12GL,0,ACTUAL
1/11/2014,7577,12GL,4,ACTUAL
1/12/2014,7577,12GL,6,ACTUAL
1/13/2014,7577,12GL,0,ACTUAL
1/14/2014,7577,12GL,10,ACTUAL
1/15/2014,7577,12GL,0,ACTUAL
1/16/2014,7577,12GL,5,ACTUAL
1/17/2014,7577,12GL,0,ACTUAL
1/18/2014,7577,12GL,5,ACTUAL
1/19/2014,7577,12GL,0,ACTUAL
1/20/2014,7577,12GL,7,ACTUAL
1/21/2014,7577,12GL,0,ACTUAL
1/22/2014,7577,12GL,9,ACTUAL
1/23/2014,7577,12GL,0,ACTUAL
1/24/2014,7577,12GL,2,ACTUAL
1/25/2014,7577,12GL,0,ACTUAL
1/26/2014,7577,12GL,10,ACTUAL
1/27/2014,7577,12GL,0,ACTUAL
1/28/2014,7577,12GL,10,ACTUAL
1/29/2014,7577,12GL,0,ACTUAL
1/30/2014,7577,12GL,8,ACTUAL
1/31/2014,7577,12GL,0,ACTUAL
2/1/2014,7577,12GL,4,ACTUAL
2/2/2014,7577,12GL,15,ACTUAL
2/3/2014,7577,12GL,9,ACTUAL
2/4/2014,7577,12GL,0,ACTUAL
2/5/2014,7577,12GL,0,ACTUAL
2/6/2014,7577,12GL,5,ACTUAL
2/7/2014,7577,12GL,5,ACTUAL
2/8/2014,7577,12GL,0,ACTUAL
2/9/2014,7577,12GL,3,ACTUAL
2/10/2014,7577,12GL,13,ACTUAL
2/11/2014,7577,12GL,0,ACTUAL
2/12/2014,7577,12GL,0,ACTUAL
2/13/2014,7577,12GL,0,ACTUAL
2/14/2014,7577,12GL,7,ACTUAL
2/15/2014,7577,12GL,0,ACTUAL
2/16/2014,7577,12GL,6,ACTUAL
2/17/2014,7577,12GL,0,ACTUAL
2/18/2014,7577,12GL,4,ACTUAL
2/19/2014,7577,12GL,0,ACTUAL
2/20/2014,7577,12GL,5,ACTUAL
2/21/2014,7577,12GL,0,ACTUAL
2/22/2014,7577,12GL,6,ACTUAL
2/23/2014,7577,12GL,0,ACTUAL
2/24/2014,7577,12GL,6,ACTUAL
2/25/2014,7577,12GL,0,ACTUAL
2/26/2014,7577,12GL,4,ACTUAL
2/27/2014,7577,12GL,0,ACTUAL
2/28/2014,7577,12GL,6,ACTUAL
3/1/2014,7577,12GL,0,ACTUAL
3/2/2014,7577,12GL,0,ACTUAL
3/3/2014,7577,12GL,0,ACTUAL
3/4/2014,7577,12GL,6,ACTUAL
3/5/2014,7577,12GL,4,ACTUAL
3/6/2014,7577,12GL,0,ACTUAL
3/7/2014,7577,12GL,0,ACTUAL
3/8/2014,7577,12GL,0,ACTUAL
3/9/2014,7577,12GL,0,ACTUAL
3/10/2014,7577,12GL,0,ACTUAL
3/11/2014,7577,12GL,5,ACTUAL
3/12/2014,7577,12GL,4,ACTUAL
3/13/2014,7577,12GL,0,ACTUAL
3/14/2014,7577,12GL,9,ACTUAL
3/15/2014,7577,12GL,0,ACTUAL
3/16/2014,7577,12GL,5,ACTUAL
3/17/2014,7577,12GL,0,ACTUAL
3/18/2014,7577,12GL,7,ACTUAL
3/19/2014,7577,12GL,0,ACTUAL
3/20/2014,7577,12GL,3,ACTUAL
3/21/2014,7577,12GL,0,ACTUAL
3/22/2014,7577,12GL,9,ACTUAL
3/23/2014,7577,12GL,0,ACTUAL
3/24/2014,7577,12GL,6,ACTUAL
3/25/2014,7577,12GL,0,ACTUAL
3/26/2014,7577,12GL,3,ACTUAL
3/27/2014,7577,12GL,0,ACTUAL
3/28/2014,7577,12GL,7,ACTUAL
3/29/2014,7577,12GL,0,ACTUAL
3/30/2014,7577,12GL,7,ACTUAL
3/31/2014,7577,12GL,0,ACTUAL
4/1/2014,7577,12GL,5,ACTUAL
4/2/2014,7577,12GL,7,ACTUAL
4/3/2014,7577,12GL,7,ACTUAL
4/4/2014,7577,12GL,0,ACTUAL
4/5/2014,7577,12GL,0,ACTUAL
4/6/2014,7577,12GL,5,ACTUAL
4/7/2014,7577,12GL,7,ACTUAL
4/8/2014,7577,12GL,0,ACTUAL
4/9/2014,7577,12GL,11,ACTUAL
4/10/2014,7577,12GL,0,ACTUAL
4/11/2014,7577,12GL,0,ACTUAL
4/12/2014,7577,12GL,0,ACTUAL
4/13/2014,7577,12GL,10,ACTUAL
4/14/2014,7577,12GL,0,ACTUAL
4/15/2014,7577,12GL,8,ACTUAL
4/16/2014,7577,12GL,0,ACTUAL
4/17/2014,7577,12GL,3,ACTUAL
4/18/2014,7577,12GL,0,ACTUAL
4/19/2014,7577,12GL,7,ACTUAL
4/20/2014,7577,12GL,0,ACTUAL
4/21/2014,7577,12GL,4,ACTUAL
4/22/2014,7577,12GL,0,ACTUAL
4/23/2014,7577,12GL,3,ACTUAL
4/24/2014,7577,12GL,0,ACTUAL
4/25/2014,7577,12GL,5,ACTUAL
4/26/2014,7577,12GL,0,ACTUAL
4/27/2014,7577,12GL,7,ACTUAL
4/28/2014,7577,12GL,0,ACTUAL
4/29/2014,7577,12GL,7,ACTUAL
4/30/2014,7577,12GL,0,ACTUAL
5/1/2014,7577,12GL,0,ACTUAL
5/2/2014,7577,12GL,0,ACTUAL
5/3/2014,7577,12GL,0,ACTUAL
5/4/2014,7577,12GL,3,ACTUAL
5/5/2014,7577,12GL,7,ACTUAL
5/6/2014,7577,12GL,0,ACTUAL
5/7/2014,7577,12GL,0,ACTUAL
5/8/2014,7577,12GL,0,ACTUAL
5/9/2014,7577,12GL,0,ACTUAL
5/10/2014,7577,12GL,0,ACTUAL
5/11/2014,7577,12GL,6,ACTUAL
5/12/2014,7577,12GL,4,ACTUAL
5/13/2014,7577,12GL,0,ACTUAL
5/14/2014,7577,12GL,0,ACTUAL
5/15/2014,7577,12GL,5,ACTUAL
5/16/2014,7577,12GL,0,ACTUAL
5/17/2014,7577,12GL,4,ACTUAL
5/18/2014,7577,12GL,0,ACTUAL
5/19/2014,7577,12GL,6,ACTUAL
5/20/2014,7577,12GL,0,ACTUAL
5/21/2014,7577,12GL,4,ACTUAL
5/22/2014,7577,12GL,0,ACTUAL
5/23/2014,7577,12GL,5,ACTUAL
5/24/2014,7577,12GL,0,ACTUAL
5/25/2014,7577,12GL,8,ACTUAL
5/26/2014,7577,12GL,0,ACTUAL
5/27/2014,7577,12GL,8,ACTUAL
5/28/2014,7577,12GL,0,ACTUAL
5/29/2014,7577,12GL,8,ACTUAL
5/30/2014,7577,12GL,0,ACTUAL
5/31/2014,7577,12GL,4,ACTUAL
6/1/2014,7577,12GL,4,ACTUAL
6/2/2014,7577,12GL,7,ACTUAL
6/3/2014,7577,12GL,6,ACTUAL
6/4/2014,7577,12GL,0,ACTUAL
6/5/2014,7577,12GL,0,ACTUAL
6/6/2014,7577,12GL,8,ACTUAL
6/7/2014,7577,12GL,4,ACTUAL
6/8/2014,7577,12GL,0,ACTUAL
6/9/2014,7577,12GL,6,ACTUAL
6/10/2014,7577,12GL,0,ACTUAL
6/11/2014,7577,12GL,0,ACTUAL
6/12/2014,7577,12GL,0,ACTUAL
6/13/2014,7577,12GL,0,ACTUAL
6/14/2014,7577,12GL,6,ACTUAL
6/15/2014,7577,12GL,0,ACTUAL
6/16/2014,7577,12GL,4,ACTUAL
6/17/2014,7577,12GL,0,ACTUAL
6/18/2014,7577,12GL,7,ACTUAL
6/19/2014,7577,12GL,0,ACTUAL
6/20/2014,7577,12GL,4,ACTUAL
6/21/2014,7577,12GL,0,ACTUAL
6/22/2014,7577,12GL,4,ACTUAL
6/23/2014,7577,12GL,0,ACTUAL
6/24/2014,7577,12GL,7,ACTUAL
6/25/2014,7577,12GL,0,ACTUAL
6/26/2014,7577,12GL,5,ACTUAL
6/27/2014,7577,12GL,0,ACTUAL
6/28/2014,7577,12GL,4,ACTUAL
6/29/2014,7577,12GL,0,ACTUAL
6/30/2014,7577,12GL,9,ACTUAL
7/1/2014,7577,12GL,0,ACTUAL
7/2/2014,7577,12GL,0,ACTUAL
7/3/2014,7577,12GL,0,ACTUAL
7/4/2014,7577,12GL,6,ACTUAL
7/5/2014,7577,12GL,5,ACTUAL
7/6/2014,7577,12GL,0,ACTUAL
7/7/2014,7577,12GL,0,ACTUAL
7/8/2014,7577,12GL,3,ACTUAL
7/9/2014,7577,12GL,0,ACTUAL
7/10/2014,7577,12GL,0,ACTUAL
7/11/2014,7577,12GL,5,ACTUAL
7/12/2014,7577,12GL,8,ACTUAL
7/13/2014,7577,12GL,0,ACTUAL
7/14/2014,7577,12GL,7,ACTUAL
7/15/2014,7577,12GL,0,ACTUAL
7/16/2014,7577,12GL,3,ACTUAL
7/17/2014,7577,12GL,0,ACTUAL
7/18/2014,7577,12GL,5,ACTUAL
7/19/2014,7577,12GL,0,ACTUAL
7/20/2014,7577,12GL,7,ACTUAL
7/21/2014,7577,12GL,0,ACTUAL
7/22/2014,7577,12GL,7,ACTUAL
7/23/2014,7577,12GL,0,ACTUAL
7/24/2014,7577,12GL,1,ACTUAL
7/25/2014,7577,12GL,0,ACTUAL
7/26/2014,7577,12GL,6,ACTUAL
7/27/2014,7577,12GL,0,ACTUAL
7/28/2014,7577,12GL,4,ACTUAL
7/29/2014,7577,12GL,0,ACTUAL
7/30/2014,7577,12GL,6,ACTUAL
7/31/2014,7577,12GL,0,ACTUAL
8/1/2014,7577,12GL,7,ACTUAL
8/2/2014,7577,12GL,6,ACTUAL
8/3/2014,7577,12GL,3,ACTUAL
8/4/2014,7577,12GL,0,ACTUAL
8/5/2014,7577,12GL,0,ACTUAL
8/6/2014,7577,12GL,3,ACTUAL
8/7/2014,7577,12GL,6,ACTUAL
8/8/2014,7577,12GL,0,ACTUAL
8/9/2014,7577,12GL,7,ACTUAL
8/10/2014,7577,12GL,8,ACTUAL
8/11/2014,7577,12GL,0,ACTUAL
8/12/2014,7577,12GL,0,ACTUAL
8/13/2014,7577,12GL,8,ACTUAL
8/14/2014,7577,12GL,0,ACTUAL
8/15/2014,7577,12GL,0,ACTUAL
8/16/2014,7577,12GL,0,ACTUAL
8/17/2014,7577,12GL,5,ACTUAL
8/18/2014,7577,12GL,0,ACTUAL
8/19/2014,7577,12GL,6,ACTUAL
8/20/2014,7577,12GL,0,ACTUAL
8/21/2014,7577,12GL,4,ACTUAL
8/22/2014,7577,12GL,0,ACTUAL
8/23/2014,7577,12GL,5,ACTUAL
8/24/2014,7577,12GL,0,ACTUAL
8/25/2014,7577,12GL,6,ACTUAL
8/26/2014,7577,12GL,0,ACTUAL
8/27/2014,7577,12GL,6,ACTUAL
8/28/2014,7577,12GL,0,ACTUAL
8/29/2014,7577,12GL,4,ACTUAL
8/30/2014,7577,12GL,0,ACTUAL
8/31/2014,7577,12GL,9,ACTUAL
9/1/2014,7577,12GL,0,ACTUAL
9/2/2014,7577,12GL,0,ACTUAL
9/3/2014,7577,12GL,0,ACTUAL
9/4/2014,7577,12GL,3,ACTUAL
9/5/2014,7577,12GL,8,ACTUAL
9/6/2014,7577,12GL,0,ACTUAL
9/7/2014,7577,12GL,0,ACTUAL
9/8/2014,7577,12GL,6,ACTUAL
9/9/2014,7577,12GL,0,ACTUAL
9/10/2014,7577,12GL,0,ACTUAL
9/11/2014,7577,12GL,7,ACTUAL
9/12/2014,7577,12GL,6,ACTUAL
9/13/2014,7577,12GL,0,ACTUAL
9/14/2014,7577,12GL,10,ACTUAL
9/15/2014,7577,12GL,0,ACTUAL
9/16/2014,7577,12GL,6,ACTUAL
9/17/2014,7577,12GL,0,ACTUAL
9/18/2014,7577,12GL,3,ACTUAL
9/19/2014,7577,12GL,0,ACTUAL
9/20/2014,7577,12GL,6,ACTUAL
9/21/2014,7577,12GL,0,ACTUAL
9/22/2014,7577,12GL,5,ACTUAL
9/23/2014,7577,12GL,0,ACTUAL
9/24/2014,7577,12GL,7,ACTUAL
9/25/2014,7577,12GL,0,ACTUAL
9/26/2014,7577,12GL,4,ACTUAL
9/27/2014,7577,12GL,0,ACTUAL
9/28/2014,7577,12GL,11,ACTUAL
9/29/2014,7577,12GL,0,ACTUAL
9/30/2014,7577,12GL,0,ACTUAL
10/1/2014,7577,12GL,8,ACTUAL
10/2/2014,7577,12GL,10,ACTUAL
10/3/2014,7577,12GL,4,ACTUAL
10/4/2014,7577,12GL,0,ACTUAL
10/5/2014,7577,12GL,0,ACTUAL
10/6/2014,7577,12GL,4,ACTUAL
10/7/2014,7577,12GL,5,ACTUAL
10/8/2014,7577,12GL,0,ACTUAL
10/9/2014,7577,12GL,11,ACTUAL
10/10/2014,7577,12GL,5,ACTUAL
10/11/2014,7577,12GL,0,ACTUAL
10/12/2014,7577,12GL,0,ACTUAL
10/13/2014,7577,12GL,0,ACTUAL
10/14/2014,7577,12GL,4,ACTUAL
10/15/2014,7577,12GL,0,ACTUAL
10/16/2014,7577,12GL,5,ACTUAL
10/17/2014,7577,12GL,0,ACTUAL
10/18/2014,7577,12GL,4,ACTUAL
10/19/2014,7577,12GL,0,ACTUAL
10/20/2014,7577,12GL,3,ACTUAL
10/21/2014,7577,12GL,0,ACTUAL
10/22/2014,7577,12GL,6,ACTUAL
10/23/2014,7577,12GL,0,ACTUAL
10/24/2014,7577,12GL,4,ACTUAL
10/25/2014,7577,12GL,0,ACTUAL
10/26/2014,7577,12GL,6,ACTUAL
10/27/2014,7577,12GL,0,ACTUAL
10/28/2014,7577,12GL,7,ACTUAL
10/29/2014,7577,12GL,0,ACTUAL
10/30/2014,7577,12GL,1,ACTUAL
10/31/2014,7577,12GL,0,ACTUAL
11/1/2014,7577,12GL,0,ACTUAL
11/2/2014,7577,12GL,0,ACTUAL
11/3/2014,7577,12GL,0,ACTUAL
11/4/2014,7577,12GL,4,ACTUAL
11/5/2014,7577,12GL,0,ACTUAL
11/6/2014,7577,12GL,0,ACTUAL
11/7/2014,7577,12GL,0,ACTUAL
11/8/2014,7577,12GL,0,ACTUAL
11/9/2014,7577,12GL,0,ACTUAL
11/10/2014,7577,12GL,0,ACTUAL
11/11/2014,7577,12GL,4,ACTUAL
11/12/2014,7577,12GL,5,ACTUAL
11/13/2014,7577,12GL,5,ACTUAL
11/14/2014,7577,12GL,0,ACTUAL
11/15/2014,7577,12GL,8,ACTUAL
11/16/2014,7577,12GL,0,ACTUAL
11/17/2014,7577,12GL,5,ACTUAL
11/18/2014,7577,12GL,0,ACTUAL
11/19/2014,7577,12GL,5,ACTUAL
11/20/2014,7577,12GL,0,ACTUAL
11/21/2014,7577,12GL,5,ACTUAL
11/22/2014,7577,12GL,0,ACTUAL
11/23/2014,7577,12GL,8,ACTUAL
11/24/2014,7577,12GL,0,ACTUAL
11/25/2014,7577,12GL,3,ACTUAL
11/26/2014,7577,12GL,0,ACTUAL
11/27/2014,7577,12GL,5,ACTUAL
11/28/2014,7577,12GL,0,ACTUAL
11/29/2014,7577,12GL,7,ACTUAL
11/30/2014,7577,12GL,0,ACTUAL
12/1/2014,7577,12GL,7,ACTUAL
12/2/2014,7577,12GL,6,ACTUAL
12/3/2014,7577,12GL,9,ACTUAL
12/4/2014,7577,12GL,0,ACTUAL
12/5/2014,7577,12GL,0,ACTUAL
12/6/2014,7577,12GL,5,ACTUAL
12/7/2014,7577,12GL,4,ACTUAL
12/8/2014,7577,12GL,0,ACTUAL
12/9/2014,7577,12GL,0,ACTUAL
12/10/2014,7577,12GL,7,ACTUAL
12/11/2014,7577,12GL,0,ACTUAL
12/12/2014,7577,12GL,0,ACTUAL
12/13/2014,7577,12GL,6,ACTUAL
12/14/2014,7577,12GL,0,ACTUAL
12/15/2014,7577,12GL,2,ACTUAL
12/16/2014,7577,12GL,0,ACTUAL
12/17/2014,7577,12GL,4,ACTUAL
12/18/2014,7577,12GL,0,ACTUAL
12/19/2014,7577,12GL,4,ACTUAL
12/20/2014,7577,12GL,0,ACTUAL
12/21/2014,7577,12GL,6,ACTUAL
12/22/2014,7577,12GL,0,ACTUAL
12/23/2014,7577,12GL,3,ACTUAL
12/24/2014,7577,12GL,0,ACTUAL
12/25/2014,7577,12GL,4,ACTUAL
12/26/2014,7577,12GL,0,ACTUAL
12/27/2014,7577,12GL,1,ACTUAL
12/28/2014,7577,12GL,0,ACTUAL
12/29/2014,7577,12GL,4,ACTUAL
12/30/2014,7577,12GL,0,ACTUAL
12/31/2014,7577,12GL,9,ACTUAL
1/1/2015,7577,12GL,0,ACTUAL
1/2/2015,7577,12GL,12,ACTUAL
1/3/2015,7577,12GL,2,ACTUAL
1/4/2015,7577,12GL,0,ACTUAL
1/5/2015,7577,12GL,0,ACTUAL
1/6/2015,7577,12GL,0,ACTUAL
1/7/2015,7577,12GL,0,ACTUAL
1/8/2015,7577,12GL,0,ACTUAL
1/9/2015,7577,12GL,7,ACTUAL
1/10/2015,7577,12GL,8,ACTUAL
1/11/2015,7577,12GL,0,ACTUAL
1/12/2015,7577,12GL,0,ACTUAL
1/13/2015,7577,12GL,0,ACTUAL
1/14/2015,7577,12GL,8,ACTUAL
1/15/2015,7577,12GL,0,ACTUAL
1/16/2015,7577,12GL,3,ACTUAL
1/17/2015,7577,12GL,0,ACTUAL
1/18/2015,7577,12GL,9,ACTUAL
1/19/2015,7577,12GL,0,ACTUAL
1/20/2015,7577,12GL,5,ACTUAL
1/21/2015,7577,12GL,0,ACTUAL
1/22/2015,7577,12GL,5,ACTUAL
1/23/2015,7577,12GL,0,ACTUAL
1/24/2015,7577,12GL,7,ACTUAL
1/25/2015,7577,12GL,0,ACTUAL
1/26/2015,7577,12GL,7,ACTUAL
1/27/2015,7577,12GL,0,ACTUAL
1/28/2015,7577,12GL,5,ACTUAL
1/29/2015,7577,12GL,0,ACTUAL
1/30/2015,7577,12GL,1,ACTUAL
1/31/2015,7577,12GL,0,ACTUAL
2/1/2015,7577,12GL,2,ACTUAL
2/2/2015,7577,12GL,0,ACTUAL
2/3/2015,7577,12GL,0,ACTUAL
2/4/2015,7577,12GL,1,ACTUAL
2/5/2015,7577,12GL,0,ACTUAL
2/6/2015,7577,12GL,2,ACTUAL
2/7/2015,7577,12GL,1,ACTUAL
2/8/2015,7577,12GL,5,ACTUAL
2/9/2015,7577,12GL,0,ACTUAL
2/10/2015,7577,12GL,0,ACTUAL
2/11/2015,7577,12GL,4,ACTUAL
2/12/2015,7577,12GL,2,ACTUAL
2/13/2015,7577,12GL,6,ACTUAL
2/14/2015,7577,12GL,0,ACTUAL
2/15/2015,7577,12GL,8,ACTUAL
2/16/2015,7577,12GL,0,ACTUAL
2/17/2015,7577,12GL,4,ACTUAL
2/18/2015,7577,12GL,0,ACTUAL
2/19/2015,7577,12GL,0,ACTUAL
2/20/2015,7577,12GL,0,ACTUAL
2/21/2015,7577,12GL,8,ACTUAL
2/22/2015,7577,12GL,0,ACTUAL
2/23/2015,7577,12GL,11,ACTUAL
2/24/2015,7577,12GL,0,ACTUAL
2/25/2015,7577,12GL,11,ACTUAL
2/26/2015,7577,12GL,0,ACTUAL
2/27/2015,7577,12GL,1,ACTUAL
2/28/2015,7577,12GL,0,ACTUAL
3/1/2015,7577,12GL,0,ACTUAL
3/2/2015,7577,12GL,4,ACTUAL
3/3/2015,7577,12GL,6,ACTUAL
3/4/2015,7577,12GL,0,ACTUAL
3/5/2015,7577,12GL,0,ACTUAL
3/6/2015,7577,12GL,0,ACTUAL
3/7/2015,7577,12GL,0,ACTUAL
3/8/2015,7577,12GL,0,ACTUAL
3/9/2015,7577,12GL,0,ACTUAL
3/10/2015,7577,12GL,3,ACTUAL
3/11/2015,7577,12GL,0,ACTUAL
3/12/2015,7577,12GL,0,ACTUAL
3/13/2015,7577,12GL,2,ACTUAL
3/14/2015,7577,12GL,0,ACTUAL
3/15/2015,7577,12GL,9,ACTUAL
3/16/2015,7577,12GL,0,ACTUAL
3/17/2015,7577,12GL,7,ACTUAL
3/18/2015,7577,12GL,0,ACTUAL
3/19/2015,7577,12GL,5,ACTUAL
3/20/2015,7577,12GL,0,ACTUAL
3/21/2015,7577,12GL,8,ACTUAL
3/22/2015,7577,12GL,0,ACTUAL
3/23/2015,7577,12GL,4,ACTUAL
3/24/2015,7577,12GL,0,ACTUAL
3/25/2015,7577,12GL,6,ACTUAL
3/26/2015,7577,12GL,0,ACTUAL
3/27/2015,7577,12GL,0,ACTUAL
3/28/2015,7577,12GL,6,ACTUAL
3/29/2015,7577,12GL,0,ACTUAL
3/30/2015,7577,12GL,0,ACTUAL
3/31/2015,7577,12GL,2,ACTUAL
4/1/2015,7577,12GL,10,ACTUAL
4/2/2015,7577,12GL,0,ACTUAL
4/3/2015,7577,12GL,0,ACTUAL
4/4/2015,7577,12GL,6,ACTUAL
4/5/2015,7577,12GL,0,ACTUAL
4/6/2015,7577,12GL,4,ACTUAL
4/7/2015,7577,12GL,2,ACTUAL
4/8/2015,7577,12GL,4,ACTUAL
4/9/2015,7577,12GL,0,ACTUAL
4/10/2015,7577,12GL,0,ACTUAL
4/11/2015,7577,12GL,8,ACTUAL
4/12/2015,7577,12GL,3,ACTUAL
4/13/2015,7577,12GL,0,ACTUAL
4/14/2015,7577,12GL,8,ACTUAL
4/15/2015,7577,12GL,0,ACTUAL
4/16/2015,7577,12GL,0,ACTUAL
4/17/2015,7577,12GL,5,ACTUAL
4/18/2015,7577,12GL,0,ACTUAL
4/19/2015,7577,12GL,6,ACTUAL
4/20/2015,7577,12GL,0,ACTUAL
4/21/2015,7577,12GL,4,ACTUAL
4/22/2015,7577,12GL,0,ACTUAL
4/23/2015,7577,12GL,4,ACTUAL
4/24/2015,7577,12GL,0,ACTUAL
4/25/2015,7577,12GL,5,ACTUAL
4/26/2015,7577,12GL,0,ACTUAL
4/27/2015,7577,12GL,3,ACTUAL
4/28/2015,7577,12GL,0,ACTUAL
4/29/2015,7577,12GL,13,ACTUAL
4/30/2015,7577,12GL,0,ACTUAL
5/1/2015,7577,12GL,0,ACTUAL
5/2/2015,7577,12GL,5,ACTUAL
5/3/2015,7577,12GL,7,ACTUAL
5/4/2015,7577,12GL,0,ACTUAL
5/5/2015,7577,12GL,0,ACTUAL
5/6/2015,7577,12GL,0,ACTUAL
5/7/2015,7577,12GL,0,ACTUAL
5/8/2015,7577,12GL,0,ACTUAL
5/9/2015,7577,12GL,4,ACTUAL
5/10/2015,7577,12GL,3,ACTUAL
5/11/2015,7577,12GL,0,ACTUAL
5/12/2015,7577,12GL,0,ACTUAL
5/13/2015,7577,12GL,4,ACTUAL
5/14/2015,7577,12GL,0,ACTUAL
5/15/2015,7577,12GL,0,ACTUAL
5/16/2015,7577,12GL,0,ACTUAL
5/17/2015,7577,12GL,8,ACTUAL
5/18/2015,7577,12GL,0,ACTUAL
5/19/2015,7577,12GL,4,ACTUAL
5/20/2015,7577,12GL,0,ACTUAL
5/21/2015,7577,12GL,1,ACTUAL
5/22/2015,7577,12GL,0,ACTUAL
5/23/2015,7577,12GL,7,ACTUAL
5/24/2015,7577,12GL,0,ACTUAL
5/25/2015,7577,12GL,4,ACTUAL
5/26/2015,7577,12GL,0,ACTUAL
5/27/2015,7577,12GL,4,ACTUAL
5/28/2015,7577,12GL,0,ACTUAL
5/29/2015,7577,12GL,5,ACTUAL
5/30/2015,7577,12GL,0,ACTUAL
5/31/2015,7577,12GL,4,ACTUAL
6/1/2015,7577,12GL,3,ACTUAL
6/2/2015,7577,12GL,0,ACTUAL
6/3/2015,7577,12GL,0,ACTUAL
6/4/2015,7577,12GL,5,ACTUAL
6/5/2015,7577,12GL,0,ACTUAL
6/6/2015,7577,12GL,6,ACTUAL
6/7/2015,7577,12GL,2,ACTUAL
6/8/2015,7577,12GL,7,ACTUAL
6/9/2015,7577,12GL,0,ACTUAL
6/10/2015,7577,12GL,0,ACTUAL
6/11/2015,7577,12GL,1,ACTUAL
6/12/2015,7577,12GL,3,ACTUAL
6/13/2015,7577,12GL,0,ACTUAL
6/14/2015,7577,12GL,5,ACTUAL
6/15/2015,7577,12GL,0,ACTUAL
6/16/2015,7577,12GL,5,ACTUAL
6/17/2015,7577,12GL,0,ACTUAL
6/18/2015,7577,12GL,0,ACTUAL
6/19/2015,7577,12GL,0,ACTUAL
6/20/2015,7577,12GL,5,ACTUAL
6/21/2015,7577,12GL,0,ACTUAL
6/22/2015,7577,12GL,4,ACTUAL
6/23/2015,7577,12GL,0,ACTUAL
6/24/2015,7577,12GL,6,ACTUAL
6/25/2015,7577,12GL,0,ACTUAL
6/26/2015,7577,12GL,1,ACTUAL
6/27/2015,7577,12GL,0,ACTUAL
6/28/2015,7577,12GL,5,ACTUAL
6/29/2015,7577,12GL,0,ACTUAL
6/30/2015,7577,12GL,3,ACTUAL
7/1/2015,7577,12GL,0,ACTUAL
7/2/2015,7577,12GL,7,ACTUAL
7/3/2015,7577,12GL,8,ACTUAL
7/4/2015,7577,12GL,0,ACTUAL
7/5/2015,7577,12GL,0,ACTUAL
7/6/2015,7577,12GL,0,ACTUAL
7/7/2015,7577,12GL,0,ACTUAL
7/8/2015,7577,12GL,0,ACTUAL
7/9/2015,7577,12GL,7,ACTUAL
7/10/2015,7577,12GL,1,ACTUAL
7/11/2015,7577,12GL,0,ACTUAL
7/12/2015,7577,12GL,0,ACTUAL
7/13/2015,7577,12GL,5,ACTUAL
7/14/2015,7577,12GL,0,ACTUAL
7/15/2015,7577,12GL,4,ACTUAL
7/16/2015,7577,12GL,0,ACTUAL
7/17/2015,7577,12GL,1,ACTUAL
7/18/2015,7577,12GL,0,ACTUAL
7/19/2015,7577,12GL,5,ACTUAL
7/20/2015,7577,12GL,0,ACTUAL
7/21/2015,7577,12GL,2,ACTUAL
7/22/2015,7577,12GL,0,ACTUAL
7/23/2015,7577,12GL,3,ACTUAL
7/24/2015,7577,12GL,0,ACTUAL
7/25/2015,7577,12GL,6,ACTUAL
7/26/2015,7577,12GL,0,ACTUAL
7/27/2015,7577,12GL,2,ACTUAL
7/28/2015,7577,12GL,0,ACTUAL
7/29/2015,7577,12GL,3,ACTUAL
7/30/2015,7577,12GL,0,ACTUAL
7/31/2015,7577,12GL,5,ACTUAL
8/1/2015,7577,12GL,5,ACTUAL
8/2/2015,7577,12GL,0,ACTUAL
8/3/2015,7577,12GL,0,ACTUAL
8/4/2015,7577,12GL,2,ACTUAL
8/5/2015,7577,12GL,0,ACTUAL
8/6/2015,7577,12GL,2,ACTUAL
8/7/2015,7577,12GL,5,ACTUAL
8/8/2015,7577,12GL,1,ACTUAL
8/9/2015,7577,12GL,0,ACTUAL
8/10/2015,7577,12GL,0,ACTUAL
8/11/2015,7577,12GL,5,ACTUAL
8/12/2015,7577,12GL,1,ACTUAL
8/13/2015,7577,12GL,0,ACTUAL
8/14/2015,7577,12GL,2,ACTUAL
8/15/2015,7577,12GL,0,ACTUAL
8/16/2015,7577,12GL,3,ACTUAL
8/17/2015,7577,12GL,0,ACTUAL
8/18/2015,7577,12GL,1,ACTUAL
8/19/2015,7577,12GL,0,ACTUAL
8/20/2015,7577,12GL,1,ACTUAL
8/21/2015,7577,12GL,0,ACTUAL
8/22/2015,7577,12GL,1,ACTUAL
8/23/2015,7577,12GL,0,ACTUAL
8/24/2015,7577,12GL,6,ACTUAL
8/25/2015,7577,12GL,0,ACTUAL
8/26/2015,7577,12GL,2,ACTUAL
8/27/2015,7577,12GL,0,ACTUAL
8/28/2015,7577,12GL,7,ACTUAL
8/29/2015,7577,12GL,0,ACTUAL
8/30/2015,7577,12GL,0,ACTUAL
8/31/2015,7577,12GL,0,ACTUAL
9/1/2015,7577,12GL,0,ACTUAL
9/2/2015,7577,12GL,4,ACTUAL
9/3/2015,7577,12GL,6,ACTUAL
9/4/2015,7577,12GL,0,ACTUAL
9/5/2015,7577,12GL,0,ACTUAL
9/6/2015,7577,12GL,0,ACTUAL
9/7/2015,7577,12GL,0,ACTUAL
9/8/2015,7577,12GL,0,ACTUAL
9/9/2015,7577,12GL,0,ACTUAL
9/10/2015,7577,12GL,2,ACTUAL
9/11/2015,7577,12GL,0,ACTUAL
9/12/2015,7577,12GL,0,ACTUAL
9/13/2015,7577,12GL,4,ACTUAL
9/14/2015,7577,12GL,0,ACTUAL
9/15/2015,7577,12GL,3,ACTUAL
9/16/2015,7577,12GL,0,ACTUAL
9/17/2015,7577,12GL,8,ACTUAL
9/18/2015,7577,12GL,0,ACTUAL
9/19/2015,7577,12GL,2,ACTUAL
9/20/2015,7577,12GL,0,ACTUAL
9/21/2015,7577,12GL,4,ACTUAL
9/22/2015,7577,12GL,0,ACTUAL
9/23/2015,7577,12GL,4,ACTUAL
9/24/2015,7577,12GL,0,ACTUAL
9/25/2015,7577,12GL,2,ACTUAL
9/26/2015,7577,12GL,0,ACTUAL
9/27/2015,7577,12GL,7,ACTUAL
9/28/2015,7577,12GL,0,ACTUAL
9/29/2015,7577,12GL,4,ACTUAL
9/30/2015,7577,12GL,0,ACTUAL
10/1/2015,7577,12GL,7,ACTUAL
10/2/2015,7577,12GL,0,ACTUAL
10/3/2015,7577,12GL,0,ACTUAL
10/4/2015,7577,12GL,6,ACTUAL
10/5/2015,7577,12GL,0,ACTUAL
10/6/2015,7577,12GL,1,ACTUAL
10/7/2015,7577,12GL,4,ACTUAL
10/8/2015,7577,12GL,4,ACTUAL
10/9/2015,7577,12GL,0,ACTUAL
10/10/2015,7577,12GL,0,ACTUAL
10/11/2015,7577,12GL,1,ACTUAL
10/12/2015,7577,12GL,8,ACTUAL
10/13/2015,7577,12GL,3,ACTUAL
10/14/2015,7577,12GL,0,ACTUAL
10/15/2015,7577,12GL,2,ACTUAL
10/16/2015,7577,12GL,0,ACTUAL
10/17/2015,7577,12GL,8,ACTUAL
10/18/2015,7577,12GL,0,ACTUAL
10/19/2015,7577,12GL,6,ACTUAL
10/20/2015,7577,12GL,0,ACTUAL
10/21/2015,7577,12GL,8,ACTUAL
10/22/2015,7577,12GL,0,ACTUAL
10/23/2015,7577,12GL,2,ACTUAL
10/24/2015,7577,12GL,0,ACTUAL
10/25/2015,7577,12GL,3,ACTUAL
10/26/2015,7577,12GL,0,ACTUAL
10/27/2015,7577,12GL,6,ACTUAL
10/28/2015,7577,12GL,0,ACTUAL
10/29/2015,7577,12GL,2,ACTUAL
10/30/2015,7577,12GL,0,ACTUAL
10/31/2015,7577,12GL,7,ACTUAL
11/1/2015,7577,12GL,0,ACTUAL
11/2/2015,7577,12GL,4,ACTUAL
11/3/2015,7577,12GL,7,ACTUAL
11/4/2015,7577,12GL,0,ACTUAL
11/5/2015,7577,12GL,0,ACTUAL
11/6/2015,7577,12GL,0,ACTUAL
11/7/2015,7577,12GL,0,ACTUAL
11/8/2015,7577,12GL,0,ACTUAL
11/9/2015,7577,12GL,8,ACTUAL
11/10/2015,7577,12GL,3,ACTUAL
11/11/2015,7577,12GL,0,ACTUAL
11/12/2015,7577,12GL,0,ACTUAL
11/13/2015,7577,12GL,0,ACTUAL
11/14/2015,7577,12GL,3,ACTUAL
11/15/2015,7577,12GL,0,ACTUAL
11/16/2015,7577,12GL,2,ACTUAL
11/17/2015,7577,12GL,0,ACTUAL
11/18/2015,7577,12GL,4,ACTUAL
11/19/2015,7577,12GL,0,ACTUAL
11/20/2015,7577,12GL,2,ACTUAL
11/21/2015,7577,12GL,0,ACTUAL
11/22/2015,7577,12GL,3,ACTUAL
11/23/2015,7577,12GL,0,ACTUAL
11/24/2015,7577,12GL,1,ACTUAL
11/25/2015,7577,12GL,0,ACTUAL
11/26/2015,7577,12GL,3,ACTUAL
11/27/2015,7577,12GL,0,ACTUAL
11/28/2015,7577,12GL,4,ACTUAL
11/29/2015,7577,12GL,0,ACTUAL
11/30/2015,7577,12GL,6,ACTUAL
12/1/2015,7577,12GL,5,ACTUAL
12/2/2015,7577,12GL,0,ACTUAL
12/3/2015,7577,12GL,0,ACTUAL
12/4/2015,7577,12GL,4,ACTUAL
12/5/2015,7577,12GL,0,ACTUAL
12/6/2015,7577,12GL,3,ACTUAL
12/7/2015,7577,12GL,3,ACTUAL
12/8/2015,7577,12GL,4,ACTUAL
12/9/2015,7577,12GL,0,ACTUAL
12/10/2015,7577,12GL,0,ACTUAL
12/11/2015,7577,12GL,2,ACTUAL
12/12/2015,7577,12GL,2,ACTUAL
12/13/2015,7577,12GL,0,ACTUAL
12/14/2015,7577,12GL,4,ACTUAL
12/15/2015,7577,12GL,0,ACTUAL
12/16/2015,7577,12GL,3,ACTUAL
12/17/2015,7577,12GL,0,ACTUAL
12/18/2015,7577,12GL,2,ACTUAL
12/19/2015,7577,12GL,0,ACTUAL
12/20/2015,7577,12GL,4,ACTUAL
12/21/2015,7577,12GL,0,ACTUAL
12/22/2015,7577,12GL,1,ACTUAL
12/23/2015,7577,12GL,0,ACTUAL
12/24/2015,7577,12GL,3,ACTUAL
12/25/2015,7577,12GL,0,ACTUAL
12/26/2015,7577,12GL,0,ACTUAL
12/27/2015,7577,12GL,0,ACTUAL
12/28/2015,7577,12GL,2,ACTUAL
12/29/2015,7577,12GL,0,ACTUAL
12/30/2015,7577,12GL,0,ACTUAL
12/31/2015,7577,12GL,0,ACTUAL
1/1/2016,7577,12GL,2,ACTUAL
1/2/2016,7577,12GL,0,ACTUAL
1/3/2016,7577,12GL,0,ACTUAL
1/4/2016,7577,12GL,5,ACTUAL
1/5/2016,7577,12GL,1,ACTUAL
1/6/2016,7577,12GL,0,ACTUAL
1/7/2016,7577,12GL,0,ACTUAL
1/8/2016,7577,12GL,0,ACTUAL
1/9/2016,7577,12GL,0,ACTUAL
1/10/2016,7577,12GL,0,ACTUAL
1/11/2016,7577,12GL,1,ACTUAL
1/12/2016,7577,12GL,0,ACTUAL
1/13/2016,7577,12GL,3,ACTUAL
1/14/2016,7577,12GL,0,ACTUAL
1/8/2014,7577,BWL,11,ACTUAL
1/9/2014,7577,BWL,21,ACTUAL
1/10/2014,7577,BWL,0,ACTUAL
1/11/2014,7577,BWL,0,ACTUAL
1/12/2014,7577,BWL,26,ACTUAL
1/13/2014,7577,BWL,26,ACTUAL
1/14/2014,7577,BWL,0,ACTUAL
1/15/2014,7577,BWL,0,ACTUAL
1/16/2014,7577,BWL,0,ACTUAL
1/17/2014,7577,BWL,18,ACTUAL
1/18/2014,7577,BWL,0,ACTUAL
1/19/2014,7577,BWL,0,ACTUAL
1/20/2014,7577,BWL,18,ACTUAL
1/21/2014,7577,BWL,0,ACTUAL
1/22/2014,7577,BWL,0,ACTUAL
1/23/2014,7577,BWL,0,ACTUAL
1/24/2014,7577,BWL,7,ACTUAL
1/25/2014,7577,BWL,0,ACTUAL
1/26/2014,7577,BWL,0,ACTUAL
1/27/2014,7577,BWL,20,ACTUAL
1/28/2014,7577,BWL,0,ACTUAL
1/29/2014,7577,BWL,0,ACTUAL
1/30/2014,7577,BWL,0,ACTUAL
1/31/2014,7577,BWL,0,ACTUAL
2/1/2014,7577,BWL,0,ACTUAL
2/2/2014,7577,BWL,0,ACTUAL
2/3/2014,7577,BWL,0,ACTUAL
2/4/2014,7577,BWL,0,ACTUAL
2/5/2014,7577,BWL,11,ACTUAL
2/6/2014,7577,BWL,22,ACTUAL
2/7/2014,7577,BWL,0,ACTUAL
2/8/2014,7577,BWL,0,ACTUAL
2/9/2014,7577,BWL,0,ACTUAL
2/10/2014,7577,BWL,0,ACTUAL
2/11/2014,7577,BWL,0,ACTUAL
2/12/2014,7577,BWL,0,ACTUAL
2/13/2014,7577,BWL,0,ACTUAL
2/14/2014,7577,BWL,12,ACTUAL
2/15/2014,7577,BWL,0,ACTUAL
2/16/2014,7577,BWL,0,ACTUAL
2/17/2014,7577,BWL,24,ACTUAL
2/18/2014,7577,BWL,0,ACTUAL
2/19/2014,7577,BWL,0,ACTUAL
2/20/2014,7577,BWL,0,ACTUAL
2/21/2014,7577,BWL,8,ACTUAL
2/22/2014,7577,BWL,0,ACTUAL
2/23/2014,7577,BWL,0,ACTUAL
2/24/2014,7577,BWL,26,ACTUAL
2/25/2014,7577,BWL,0,ACTUAL
2/26/2014,7577,BWL,0,ACTUAL
2/27/2014,7577,BWL,0,ACTUAL
2/28/2014,7577,BWL,15,ACTUAL
3/1/2014,7577,BWL,8,ACTUAL
3/2/2014,7577,BWL,26,ACTUAL
3/3/2014,7577,BWL,16,ACTUAL
3/4/2014,7577,BWL,0,ACTUAL
3/5/2014,7577,BWL,0,ACTUAL
3/6/2014,7577,BWL,0,ACTUAL
3/7/2014,7577,BWL,0,ACTUAL
3/8/2014,7577,BWL,0,ACTUAL
3/9/2014,7577,BWL,0,ACTUAL
3/10/2014,7577,BWL,14,ACTUAL
3/11/2014,7577,BWL,21,ACTUAL
3/12/2014,7577,BWL,0,ACTUAL
3/13/2014,7577,BWL,0,ACTUAL
3/14/2014,7577,BWL,10,ACTUAL
3/15/2014,7577,BWL,0,ACTUAL
3/16/2014,7577,BWL,0,ACTUAL
3/17/2014,7577,BWL,24,ACTUAL
3/18/2014,7577,BWL,0,ACTUAL
3/19/2014,7577,BWL,0,ACTUAL
3/20/2014,7577,BWL,0,ACTUAL
3/21/2014,7577,BWL,11,ACTUAL
3/22/2014,7577,BWL,0,ACTUAL
3/23/2014,7577,BWL,0,ACTUAL
3/24/2014,7577,BWL,17,ACTUAL
3/25/2014,7577,BWL,0,ACTUAL
3/26/2014,7577,BWL,0,ACTUAL
3/27/2014,7577,BWL,0,ACTUAL
3/28/2014,7577,BWL,8,ACTUAL
3/29/2014,7577,BWL,0,ACTUAL
3/30/2014,7577,BWL,0,ACTUAL
3/31/2014,7577,BWL,22,ACTUAL
4/1/2014,7577,BWL,0,ACTUAL
4/2/2014,7577,BWL,0,ACTUAL
4/3/2014,7577,BWL,0,ACTUAL
4/4/2014,7577,BWL,18,ACTUAL
4/5/2014,7577,BWL,0,ACTUAL
4/6/2014,7577,BWL,0,ACTUAL
4/7/2014,7577,BWL,11,ACTUAL
4/8/2014,7577,BWL,21,ACTUAL
4/9/2014,7577,BWL,0,ACTUAL
4/10/2014,7577,BWL,0,ACTUAL
4/11/2014,7577,BWL,0,ACTUAL
4/12/2014,7577,BWL,0,ACTUAL
4/13/2014,7577,BWL,0,ACTUAL
4/14/2014,7577,BWL,22,ACTUAL
4/15/2014,7577,BWL,0,ACTUAL
4/16/2014,7577,BWL,0,ACTUAL
4/17/2014,7577,BWL,0,ACTUAL
4/18/2014,7577,BWL,18,ACTUAL
4/19/2014,7577,BWL,0,ACTUAL
4/20/2014,7577,BWL,0,ACTUAL
4/21/2014,7577,BWL,26,ACTUAL
4/22/2014,7577,BWL,0,ACTUAL
4/23/2014,7577,BWL,0,ACTUAL
4/24/2014,7577,BWL,0,ACTUAL
4/25/2014,7577,BWL,13,ACTUAL
4/26/2014,7577,BWL,0,ACTUAL
4/27/2014,7577,BWL,0,ACTUAL
4/28/2014,7577,BWL,22,ACTUAL
4/29/2014,7577,BWL,0,ACTUAL
4/30/2014,7577,BWL,0,ACTUAL
5/1/2014,7577,BWL,0,ACTUAL
5/2/2014,7577,BWL,0,ACTUAL
5/3/2014,7577,BWL,0,ACTUAL
5/4/2014,7577,BWL,0,ACTUAL
5/5/2014,7577,BWL,22,ACTUAL
5/6/2014,7577,BWL,0,ACTUAL
5/7/2014,7577,BWL,0,ACTUAL
5/8/2014,7577,BWL,0,ACTUAL
5/9/2014,7577,BWL,15,ACTUAL
5/10/2014,7577,BWL,0,ACTUAL
5/11/2014,7577,BWL,0,ACTUAL
5/12/2014,7577,BWL,13,ACTUAL
5/13/2014,7577,BWL,0,ACTUAL
5/14/2014,7577,BWL,0,ACTUAL
5/15/2014,7577,BWL,0,ACTUAL
5/16/2014,7577,BWL,11,ACTUAL
5/17/2014,7577,BWL,0,ACTUAL
5/18/2014,7577,BWL,0,ACTUAL
5/19/2014,7577,BWL,21,ACTUAL
5/20/2014,7577,BWL,0,ACTUAL
5/21/2014,7577,BWL,0,ACTUAL
5/22/2014,7577,BWL,0,ACTUAL
5/23/2014,7577,BWL,11,ACTUAL
5/24/2014,7577,BWL,0,ACTUAL
5/25/2014,7577,BWL,0,ACTUAL
5/26/2014,7577,BWL,22,ACTUAL
5/27/2014,7577,BWL,0,ACTUAL
5/28/2014,7577,BWL,0,ACTUAL
5/29/2014,7577,BWL,0,ACTUAL
5/30/2014,7577,BWL,11,ACTUAL
5/31/2014,7577,BWL,0,ACTUAL
6/1/2014,7577,BWL,21,ACTUAL
6/2/2014,7577,BWL,0,ACTUAL
6/3/2014,7577,BWL,0,ACTUAL
6/4/2014,7577,BWL,0,ACTUAL
6/5/2014,7577,BWL,0,ACTUAL
6/6/2014,7577,BWL,11,ACTUAL
6/7/2014,7577,BWL,0,ACTUAL
6/8/2014,7577,BWL,0,ACTUAL
6/9/2014,7577,BWL,0,ACTUAL
6/10/2014,7577,BWL,18,ACTUAL
6/11/2014,7577,BWL,0,ACTUAL
6/12/2014,7577,BWL,0,ACTUAL
6/13/2014,7577,BWL,11,ACTUAL
6/14/2014,7577,BWL,0,ACTUAL
6/15/2014,7577,BWL,0,ACTUAL
6/16/2014,7577,BWL,17,ACTUAL
6/17/2014,7577,BWL,0,ACTUAL
6/18/2014,7577,BWL,0,ACTUAL
6/19/2014,7577,BWL,0,ACTUAL
6/20/2014,7577,BWL,11,ACTUAL
6/21/2014,7577,BWL,0,ACTUAL
6/22/2014,7577,BWL,0,ACTUAL
6/23/2014,7577,BWL,21,ACTUAL
6/24/2014,7577,BWL,0,ACTUAL
6/25/2014,7577,BWL,0,ACTUAL
6/26/2014,7577,BWL,0,ACTUAL
6/27/2014,7577,BWL,11,ACTUAL
6/28/2014,7577,BWL,0,ACTUAL
6/29/2014,7577,BWL,0,ACTUAL
6/30/2014,7577,BWL,20,ACTUAL
7/1/2014,7577,BWL,0,ACTUAL
7/2/2014,7577,BWL,7,ACTUAL
7/3/2014,7577,BWL,8,ACTUAL
7/4/2014,7577,BWL,21,ACTUAL
7/5/2014,7577,BWL,0,ACTUAL
7/6/2014,7577,BWL,0,ACTUAL
7/7/2014,7577,BWL,26,ACTUAL
7/8/2014,7577,BWL,0,ACTUAL
7/9/2014,7577,BWL,0,ACTUAL
7/10/2014,7577,BWL,0,ACTUAL
7/11/2014,7577,BWL,13,ACTUAL
7/12/2014,7577,BWL,0,ACTUAL
7/13/2014,7577,BWL,0,ACTUAL
7/14/2014,7577,BWL,22,ACTUAL
7/15/2014,7577,BWL,0,ACTUAL
7/16/2014,7577,BWL,0,ACTUAL
7/17/2014,7577,BWL,0,ACTUAL
7/18/2014,7577,BWL,11,ACTUAL
7/19/2014,7577,BWL,0,ACTUAL
7/20/2014,7577,BWL,0,ACTUAL
7/21/2014,7577,BWL,24,ACTUAL
7/22/2014,7577,BWL,0,ACTUAL
7/23/2014,7577,BWL,0,ACTUAL
7/24/2014,7577,BWL,0,ACTUAL
7/25/2014,7577,BWL,11,ACTUAL
7/26/2014,7577,BWL,0,ACTUAL
7/27/2014,7577,BWL,0,ACTUAL
7/28/2014,7577,BWL,26,ACTUAL
7/29/2014,7577,BWL,0,ACTUAL
7/30/2014,7577,BWL,0,ACTUAL
7/31/2014,7577,BWL,0,ACTUAL
8/1/2014,7577,BWL,0,ACTUAL
8/2/2014,7577,BWL,0,ACTUAL
8/3/2014,7577,BWL,0,ACTUAL
8/4/2014,7577,BWL,0,ACTUAL
8/5/2014,7577,BWL,0,ACTUAL
8/6/2014,7577,BWL,0,ACTUAL
8/7/2014,7577,BWL,0,ACTUAL
8/8/2014,7577,BWL,11,ACTUAL
8/9/2014,7577,BWL,16,ACTUAL
8/10/2014,7577,BWL,0,ACTUAL
8/11/2014,7577,BWL,0,ACTUAL
8/12/2014,7577,BWL,21,ACTUAL
8/13/2014,7577,BWL,0,ACTUAL
8/14/2014,7577,BWL,0,ACTUAL
8/15/2014,7577,BWL,13,ACTUAL
8/16/2014,7577,BWL,0,ACTUAL
8/17/2014,7577,BWL,0,ACTUAL
8/18/2014,7577,BWL,24,ACTUAL
8/19/2014,7577,BWL,0,ACTUAL
8/20/2014,7577,BWL,0,ACTUAL
8/21/2014,7577,BWL,0,ACTUAL
8/22/2014,7577,BWL,15,ACTUAL
8/23/2014,7577,BWL,0,ACTUAL
8/24/2014,7577,BWL,0,ACTUAL
8/25/2014,7577,BWL,24,ACTUAL
8/26/2014,7577,BWL,0,ACTUAL
8/27/2014,7577,BWL,0,ACTUAL
8/28/2014,7577,BWL,0,ACTUAL
8/29/2014,7577,BWL,11,ACTUAL
8/30/2014,7577,BWL,0,ACTUAL
8/31/2014,7577,BWL,0,ACTUAL
9/1/2014,7577,BWL,0,ACTUAL
9/2/2014,7577,BWL,0,ACTUAL
9/3/2014,7577,BWL,0,ACTUAL
9/4/2014,7577,BWL,0,ACTUAL
9/5/2014,7577,BWL,15,ACTUAL
9/6/2014,7577,BWL,21,ACTUAL
9/7/2014,7577,BWL,0,ACTUAL
9/8/2014,7577,BWL,0,ACTUAL
9/9/2014,7577,BWL,0,ACTUAL
9/10/2014,7577,BWL,0,ACTUAL
9/11/2014,7577,BWL,0,ACTUAL
9/12/2014,7577,BWL,0,ACTUAL
9/13/2014,7577,BWL,0,ACTUAL
9/14/2014,7577,BWL,0,ACTUAL
9/15/2014,7577,BWL,26,ACTUAL
9/16/2014,7577,BWL,0,ACTUAL
9/17/2014,7577,BWL,0,ACTUAL
9/18/2014,7577,BWL,0,ACTUAL
9/19/2014,7577,BWL,13,ACTUAL
9/20/2014,7577,BWL,0,ACTUAL
9/21/2014,7577,BWL,0,ACTUAL
9/22/2014,7577,BWL,22,ACTUAL
9/23/2014,7577,BWL,0,ACTUAL
9/24/2014,7577,BWL,0,ACTUAL
9/25/2014,7577,BWL,0,ACTUAL
9/26/2014,7577,BWL,13,ACTUAL
9/27/2014,7577,BWL,0,ACTUAL
9/28/2014,7577,BWL,0,ACTUAL
9/29/2014,7577,BWL,19,ACTUAL
9/30/2014,7577,BWL,0,ACTUAL
10/1/2014,7577,BWL,11,ACTUAL
10/2/2014,7577,BWL,19,ACTUAL
10/3/2014,7577,BWL,24,ACTUAL
10/4/2014,7577,BWL,0,ACTUAL
10/5/2014,7577,BWL,0,ACTUAL
10/6/2014,7577,BWL,0,ACTUAL
10/7/2014,7577,BWL,0,ACTUAL
10/8/2014,7577,BWL,0,ACTUAL
10/9/2014,7577,BWL,0,ACTUAL
10/10/2014,7577,BWL,13,ACTUAL
10/11/2014,7577,BWL,16,ACTUAL
10/12/2014,7577,BWL,0,ACTUAL
10/13/2014,7577,BWL,22,ACTUAL
10/14/2014,7577,BWL,0,ACTUAL
10/15/2014,7577,BWL,0,ACTUAL
10/16/2014,7577,BWL,0,ACTUAL
10/17/2014,7577,BWL,13,ACTUAL
10/18/2014,7577,BWL,0,ACTUAL
10/19/2014,7577,BWL,0,ACTUAL
10/20/2014,7577,BWL,18,ACTUAL
10/21/2014,7577,BWL,0,ACTUAL
10/22/2014,7577,BWL,0,ACTUAL
10/23/2014,7577,BWL,0,ACTUAL
10/24/2014,7577,BWL,13,ACTUAL
10/25/2014,7577,BWL,0,ACTUAL
10/26/2014,7577,BWL,0,ACTUAL
10/27/2014,7577,BWL,26,ACTUAL
10/28/2014,7577,BWL,0,ACTUAL
10/29/2014,7577,BWL,0,ACTUAL
10/30/2014,7577,BWL,0,ACTUAL
10/31/2014,7577,BWL,15,ACTUAL
11/1/2014,7577,BWL,0,ACTUAL
11/2/2014,7577,BWL,0,ACTUAL
11/3/2014,7577,BWL,0,ACTUAL
11/4/2014,7577,BWL,13,ACTUAL
11/5/2014,7577,BWL,0,ACTUAL
11/6/2014,7577,BWL,0,ACTUAL
11/7/2014,7577,BWL,11,ACTUAL
11/8/2014,7577,BWL,26,ACTUAL
11/9/2014,7577,BWL,0,ACTUAL
11/10/2014,7577,BWL,0,ACTUAL
11/11/2014,7577,BWL,0,ACTUAL
11/12/2014,7577,BWL,0,ACTUAL
11/13/2014,7577,BWL,0,ACTUAL
11/14/2014,7577,BWL,13,ACTUAL
11/15/2014,7577,BWL,0,ACTUAL
11/16/2014,7577,BWL,0,ACTUAL
11/17/2014,7577,BWL,22,ACTUAL
11/18/2014,7577,BWL,0,ACTUAL
11/19/2014,7577,BWL,0,ACTUAL
11/20/2014,7577,BWL,0,ACTUAL
11/21/2014,7577,BWL,8,ACTUAL
11/22/2014,7577,BWL,0,ACTUAL
11/23/2014,7577,BWL,0,ACTUAL
11/24/2014,7577,BWL,22,ACTUAL
11/25/2014,7577,BWL,0,ACTUAL
11/26/2014,7577,BWL,0,ACTUAL
11/27/2014,7577,BWL,0,ACTUAL
11/28/2014,7577,BWL,13,ACTUAL
11/29/2014,7577,BWL,0,ACTUAL
11/30/2014,7577,BWL,0,ACTUAL
12/1/2014,7577,BWL,0,ACTUAL
12/2/2014,7577,BWL,0,ACTUAL
12/3/2014,7577,BWL,0,ACTUAL
12/4/2014,7577,BWL,0,ACTUAL
12/5/2014,7577,BWL,21,ACTUAL
12/6/2014,7577,BWL,0,ACTUAL
12/7/2014,7577,BWL,0,ACTUAL
12/8/2014,7577,BWL,0,ACTUAL
12/9/2014,7577,BWL,12,ACTUAL
12/10/2014,7577,BWL,0,ACTUAL
12/11/2014,7577,BWL,0,ACTUAL
12/12/2014,7577,BWL,7,ACTUAL
12/13/2014,7577,BWL,0,ACTUAL
12/14/2014,7577,BWL,0,ACTUAL
12/15/2014,7577,BWL,18,ACTUAL
12/16/2014,7577,BWL,0,ACTUAL
12/17/2014,7577,BWL,0,ACTUAL
12/18/2014,7577,BWL,0,ACTUAL
12/19/2014,7577,BWL,13,ACTUAL
12/20/2014,7577,BWL,0,ACTUAL
12/21/2014,7577,BWL,0,ACTUAL
12/22/2014,7577,BWL,15,ACTUAL
12/23/2014,7577,BWL,0,ACTUAL
12/24/2014,7577,BWL,0,ACTUAL
12/25/2014,7577,BWL,0,ACTUAL
12/26/2014,7577,BWL,8,ACTUAL
12/27/2014,7577,BWL,0,ACTUAL
12/28/2014,7577,BWL,0,ACTUAL
12/29/2014,7577,BWL,17,ACTUAL
12/30/2014,7577,BWL,0,ACTUAL
12/31/2014,7577,BWL,0,ACTUAL
1/1/2015,7577,BWL,0,ACTUAL
1/2/2015,7577,BWL,0,ACTUAL
1/3/2015,7577,BWL,0,ACTUAL
1/4/2015,7577,BWL,0,ACTUAL
1/5/2015,7577,BWL,15,ACTUAL
1/6/2015,7577,BWL,21,ACTUAL
1/7/2015,7577,BWL,0,ACTUAL
1/8/2015,7577,BWL,0,ACTUAL
1/9/2015,7577,BWL,0,ACTUAL
1/10/2015,7577,BWL,0,ACTUAL
1/11/2015,7577,BWL,0,ACTUAL
1/12/2015,7577,BWL,0,ACTUAL
1/13/2015,7577,BWL,0,ACTUAL
1/14/2015,7577,BWL,0,ACTUAL
1/15/2015,7577,BWL,0,ACTUAL
1/16/2015,7577,BWL,9,ACTUAL
1/17/2015,7577,BWL,0,ACTUAL
1/18/2015,7577,BWL,0,ACTUAL
1/19/2015,7577,BWL,26,ACTUAL
1/20/2015,7577,BWL,0,ACTUAL
1/21/2015,7577,BWL,0,ACTUAL
1/22/2015,7577,BWL,0,ACTUAL
1/23/2015,7577,BWL,15,ACTUAL
1/24/2015,7577,BWL,0,ACTUAL
1/25/2015,7577,BWL,0,ACTUAL
1/26/2015,7577,BWL,26,ACTUAL
1/27/2015,7577,BWL,0,ACTUAL
1/28/2015,7577,BWL,0,ACTUAL
1/29/2015,7577,BWL,0,ACTUAL
1/30/2015,7577,BWL,15,ACTUAL
1/31/2015,7577,BWL,0,ACTUAL
2/1/2015,7577,BWL,9,ACTUAL
2/2/2015,7577,BWL,22,ACTUAL
2/3/2015,7577,BWL,21,ACTUAL
2/4/2015,7577,BWL,0,ACTUAL
2/5/2015,7577,BWL,0,ACTUAL
2/6/2015,7577,BWL,0,ACTUAL
2/7/2015,7577,BWL,0,ACTUAL
2/8/2015,7577,BWL,0,ACTUAL
2/9/2015,7577,BWL,0,ACTUAL
2/10/2015,7577,BWL,9,ACTUAL
2/11/2015,7577,BWL,21,ACTUAL
2/12/2015,7577,BWL,0,ACTUAL
2/13/2015,7577,BWL,15,ACTUAL
2/14/2015,7577,BWL,0,ACTUAL
2/15/2015,7577,BWL,0,ACTUAL
2/16/2015,7577,BWL,21,ACTUAL
2/17/2015,7577,BWL,0,ACTUAL
2/18/2015,7577,BWL,0,ACTUAL
2/19/2015,7577,BWL,0,ACTUAL
2/20/2015,7577,BWL,0,ACTUAL
2/21/2015,7577,BWL,0,ACTUAL
2/22/2015,7577,BWL,0,ACTUAL
2/23/2015,7577,BWL,22,ACTUAL
2/24/2015,7577,BWL,0,ACTUAL
2/25/2015,7577,BWL,0,ACTUAL
2/26/2015,7577,BWL,0,ACTUAL
2/27/2015,7577,BWL,11,ACTUAL
2/28/2015,7577,BWL,0,ACTUAL
3/1/2015,7577,BWL,0,ACTUAL
3/2/2015,7577,BWL,0,ACTUAL
3/3/2015,7577,BWL,0,ACTUAL
3/4/2015,7577,BWL,13,ACTUAL
3/5/2015,7577,BWL,0,ACTUAL
3/6/2015,7577,BWL,0,ACTUAL
3/7/2015,7577,BWL,11,ACTUAL
3/8/2015,7577,BWL,12,ACTUAL
3/9/2015,7577,BWL,0,ACTUAL
3/10/2015,7577,BWL,0,ACTUAL
3/11/2015,7577,BWL,0,ACTUAL
3/12/2015,7577,BWL,0,ACTUAL
3/13/2015,7577,BWL,13,ACTUAL
3/14/2015,7577,BWL,0,ACTUAL
3/15/2015,7577,BWL,0,ACTUAL
3/16/2015,7577,BWL,22,ACTUAL
3/17/2015,7577,BWL,0,ACTUAL
3/18/2015,7577,BWL,0,ACTUAL
3/19/2015,7577,BWL,0,ACTUAL
3/20/2015,7577,BWL,15,ACTUAL
3/21/2015,7577,BWL,0,ACTUAL
3/22/2015,7577,BWL,0,ACTUAL
3/23/2015,7577,BWL,20,ACTUAL
3/24/2015,7577,BWL,0,ACTUAL
3/25/2015,7577,BWL,0,ACTUAL
3/26/2015,7577,BWL,0,ACTUAL
3/27/2015,7577,BWL,15,ACTUAL
3/28/2015,7577,BWL,0,ACTUAL
3/29/2015,7577,BWL,0,ACTUAL
3/30/2015,7577,BWL,26,ACTUAL
3/31/2015,7577,BWL,0,ACTUAL
4/1/2015,7577,BWL,0,ACTUAL
4/2/2015,7577,BWL,0,ACTUAL
4/3/2015,7577,BWL,0,ACTUAL
4/4/2015,7577,BWL,0,ACTUAL
4/5/2015,7577,BWL,18,ACTUAL
4/6/2015,7577,BWL,0,ACTUAL
4/7/2015,7577,BWL,0,ACTUAL
4/8/2015,7577,BWL,0,ACTUAL
4/9/2015,7577,BWL,9,ACTUAL
4/10/2015,7577,BWL,0,ACTUAL
4/11/2015,7577,BWL,0,ACTUAL
4/12/2015,7577,BWL,13,ACTUAL
4/13/2015,7577,BWL,26,ACTUAL
4/14/2015,7577,BWL,0,ACTUAL
4/15/2015,7577,BWL,0,ACTUAL
4/16/2015,7577,BWL,0,ACTUAL
4/17/2015,7577,BWL,8,ACTUAL
4/18/2015,7577,BWL,0,ACTUAL
4/19/2015,7577,BWL,0,ACTUAL
4/20/2015,7577,BWL,26,ACTUAL
4/21/2015,7577,BWL,0,ACTUAL
4/22/2015,7577,BWL,0,ACTUAL
4/23/2015,7577,BWL,0,ACTUAL
4/24/2015,7577,BWL,15,ACTUAL
4/25/2015,7577,BWL,0,ACTUAL
4/26/2015,7577,BWL,0,ACTUAL
4/27/2015,7577,BWL,22,ACTUAL
4/28/2015,7577,BWL,0,ACTUAL
4/29/2015,7577,BWL,0,ACTUAL
4/30/2015,7577,BWL,0,ACTUAL
5/1/2015,7577,BWL,26,ACTUAL
5/2/2015,7577,BWL,0,ACTUAL
5/3/2015,7577,BWL,0,ACTUAL
5/4/2015,7577,BWL,0,ACTUAL
5/5/2015,7577,BWL,0,ACTUAL
5/6/2015,7577,BWL,15,ACTUAL
5/7/2015,7577,BWL,0,ACTUAL
5/8/2015,7577,BWL,0,ACTUAL
5/9/2015,7577,BWL,0,ACTUAL
5/10/2015,7577,BWL,16,ACTUAL
5/11/2015,7577,BWL,0,ACTUAL
5/12/2015,7577,BWL,0,ACTUAL
5/13/2015,7577,BWL,0,ACTUAL
5/14/2015,7577,BWL,0,ACTUAL
5/15/2015,7577,BWL,11,ACTUAL
5/16/2015,7577,BWL,0,ACTUAL
5/17/2015,7577,BWL,0,ACTUAL
5/18/2015,7577,BWL,20,ACTUAL
5/19/2015,7577,BWL,0,ACTUAL
5/20/2015,7577,BWL,0,ACTUAL
5/21/2015,7577,BWL,0,ACTUAL
5/22/2015,7577,BWL,15,ACTUAL
5/23/2015,7577,BWL,0,ACTUAL
5/24/2015,7577,BWL,0,ACTUAL
5/25/2015,7577,BWL,20,ACTUAL
5/26/2015,7577,BWL,0,ACTUAL
5/27/2015,7577,BWL,0,ACTUAL
5/28/2015,7577,BWL,0,ACTUAL
5/29/2015,7577,BWL,8,ACTUAL
5/30/2015,7577,BWL,0,ACTUAL
5/31/2015,7577,BWL,0,ACTUAL
6/1/2015,7577,BWL,0,ACTUAL
6/2/2015,7577,BWL,15,ACTUAL
6/3/2015,7577,BWL,15,ACTUAL
6/4/2015,7577,BWL,20,ACTUAL
6/5/2015,7577,BWL,0,ACTUAL
6/6/2015,7577,BWL,0,ACTUAL
6/7/2015,7577,BWL,18,ACTUAL
6/8/2015,7577,BWL,0,ACTUAL
6/9/2015,7577,BWL,0,ACTUAL
6/10/2015,7577,BWL,0,ACTUAL
6/11/2015,7577,BWL,9,ACTUAL
6/12/2015,7577,BWL,0,ACTUAL
6/13/2015,7577,BWL,0,ACTUAL
6/14/2015,7577,BWL,0,ACTUAL
6/15/2015,7577,BWL,12,ACTUAL
6/16/2015,7577,BWL,0,ACTUAL
6/17/2015,7577,BWL,0,ACTUAL
6/18/2015,7577,BWL,0,ACTUAL
6/19/2015,7577,BWL,13,ACTUAL
6/20/2015,7577,BWL,0,ACTUAL
6/21/2015,7577,BWL,0,ACTUAL
6/22/2015,7577,BWL,26,ACTUAL
6/23/2015,7577,BWL,0,ACTUAL
6/24/2015,7577,BWL,0,ACTUAL
6/25/2015,7577,BWL,0,ACTUAL
6/26/2015,7577,BWL,13,ACTUAL
6/27/2015,7577,BWL,0,ACTUAL
6/28/2015,7577,BWL,0,ACTUAL
6/29/2015,7577,BWL,22,ACTUAL
6/30/2015,7577,BWL,0,ACTUAL
7/1/2015,7577,BWL,0,ACTUAL
7/2/2015,7577,BWL,0,ACTUAL
7/3/2015,7577,BWL,0,ACTUAL
7/4/2015,7577,BWL,0,ACTUAL
7/5/2015,7577,BWL,0,ACTUAL
7/6/2015,7577,BWL,0,ACTUAL
7/7/2015,7577,BWL,0,ACTUAL
7/8/2015,7577,BWL,3,ACTUAL
7/9/2015,7577,BWL,19,ACTUAL
7/10/2015,7577,BWL,0,ACTUAL
7/11/2015,7577,BWL,0,ACTUAL
7/12/2015,7577,BWL,11,ACTUAL
7/13/2015,7577,BWL,18,ACTUAL
7/14/2015,7577,BWL,0,ACTUAL
7/15/2015,7577,BWL,0,ACTUAL
7/16/2015,7577,BWL,0,ACTUAL
7/17/2015,7577,BWL,10,ACTUAL
7/18/2015,7577,BWL,0,ACTUAL
7/19/2015,7577,BWL,0,ACTUAL
7/20/2015,7577,BWL,22,ACTUAL
7/21/2015,7577,BWL,0,ACTUAL
7/22/2015,7577,BWL,0,ACTUAL
7/23/2015,7577,BWL,0,ACTUAL
7/24/2015,7577,BWL,13,ACTUAL
7/25/2015,7577,BWL,0,ACTUAL
7/26/2015,7577,BWL,0,ACTUAL
7/27/2015,7577,BWL,12,ACTUAL
7/28/2015,7577,BWL,0,ACTUAL
7/29/2015,7577,BWL,0,ACTUAL
7/30/2015,7577,BWL,0,ACTUAL
7/31/2015,7577,BWL,6,ACTUAL
8/1/2015,7577,BWL,0,ACTUAL
8/2/2015,7577,BWL,0,ACTUAL
8/3/2015,7577,BWL,0,ACTUAL
8/4/2015,7577,BWL,0,ACTUAL
8/5/2015,7577,BWL,10,ACTUAL
8/6/2015,7577,BWL,10,ACTUAL
8/7/2015,7577,BWL,0,ACTUAL
8/8/2015,7577,BWL,0,ACTUAL
8/9/2015,7577,BWL,0,ACTUAL
8/10/2015,7577,BWL,0,ACTUAL
8/11/2015,7577,BWL,0,ACTUAL
8/12/2015,7577,BWL,0,ACTUAL
8/13/2015,7577,BWL,0,ACTUAL
8/14/2015,7577,BWL,13,ACTUAL
8/15/2015,7577,BWL,0,ACTUAL
8/16/2015,7577,BWL,0,ACTUAL
8/17/2015,7577,BWL,22,ACTUAL
8/18/2015,7577,BWL,0,ACTUAL
8/19/2015,7577,BWL,0,ACTUAL
8/20/2015,7577,BWL,0,ACTUAL
8/21/2015,7577,BWL,15,ACTUAL
8/22/2015,7577,BWL,0,ACTUAL
8/23/2015,7577,BWL,0,ACTUAL
8/24/2015,7577,BWL,26,ACTUAL
8/25/2015,7577,BWL,0,ACTUAL
8/26/2015,7577,BWL,0,ACTUAL
8/27/2015,7577,BWL,0,ACTUAL
8/28/2015,7577,BWL,9,ACTUAL
8/29/2015,7577,BWL,0,ACTUAL
8/30/2015,7577,BWL,0,ACTUAL
8/31/2015,7577,BWL,18,ACTUAL
9/1/2015,7577,BWL,11,ACTUAL
9/2/2015,7577,BWL,14,ACTUAL
9/3/2015,7577,BWL,24,ACTUAL
9/4/2015,7577,BWL,0,ACTUAL
9/5/2015,7577,BWL,0,ACTUAL
9/6/2015,7577,BWL,0,ACTUAL
9/7/2015,7577,BWL,0,ACTUAL
9/8/2015,7577,BWL,0,ACTUAL
9/9/2015,7577,BWL,0,ACTUAL
9/10/2015,7577,BWL,7,ACTUAL
9/11/2015,7577,BWL,18,ACTUAL
9/12/2015,7577,BWL,0,ACTUAL
9/13/2015,7577,BWL,0,ACTUAL
9/14/2015,7577,BWL,14,ACTUAL
9/15/2015,7577,BWL,0,ACTUAL
9/16/2015,7577,BWL,0,ACTUAL
9/17/2015,7577,BWL,0,ACTUAL
9/18/2015,7577,BWL,7,ACTUAL
9/19/2015,7577,BWL,0,ACTUAL
9/20/2015,7577,BWL,0,ACTUAL
9/21/2015,7577,BWL,14,ACTUAL
9/22/2015,7577,BWL,0,ACTUAL
9/23/2015,7577,BWL,0,ACTUAL
9/24/2015,7577,BWL,0,ACTUAL
9/25/2015,7577,BWL,15,ACTUAL
9/26/2015,7577,BWL,0,ACTUAL
9/27/2015,7577,BWL,0,ACTUAL
9/28/2015,7577,BWL,14,ACTUAL
9/29/2015,7577,BWL,0,ACTUAL
9/30/2015,7577,BWL,0,ACTUAL
10/1/2015,7577,BWL,0,ACTUAL
10/2/2015,7577,BWL,0,ACTUAL
10/3/2015,7577,BWL,0,ACTUAL
10/4/2015,7577,BWL,15,ACTUAL
10/5/2015,7577,BWL,0,ACTUAL
10/6/2015,7577,BWL,0,ACTUAL
10/7/2015,7577,BWL,11,ACTUAL
10/8/2015,7577,BWL,26,ACTUAL
10/9/2015,7577,BWL,0,ACTUAL
10/10/2015,7577,BWL,0,ACTUAL
10/11/2015,7577,BWL,0,ACTUAL
10/12/2015,7577,BWL,0,ACTUAL
10/13/2015,7577,BWL,0,ACTUAL
10/14/2015,7577,BWL,0,ACTUAL
10/15/2015,7577,BWL,0,ACTUAL
10/16/2015,7577,BWL,10,ACTUAL
10/17/2015,7577,BWL,0,ACTUAL
10/18/2015,7577,BWL,0,ACTUAL
10/19/2015,7577,BWL,14,ACTUAL
10/20/2015,7577,BWL,0,ACTUAL
10/21/2015,7577,BWL,0,ACTUAL
10/22/2015,7577,BWL,0,ACTUAL
10/23/2015,7577,BWL,15,ACTUAL
10/24/2015,7577,BWL,0,ACTUAL
10/25/2015,7577,BWL,0,ACTUAL
10/26/2015,7577,BWL,21,ACTUAL
10/27/2015,7577,BWL,0,ACTUAL
10/28/2015,7577,BWL,0,ACTUAL
10/29/2015,7577,BWL,0,ACTUAL
10/30/2015,7577,BWL,13,ACTUAL
10/31/2015,7577,BWL,0,ACTUAL
11/1/2015,7577,BWL,0,ACTUAL
11/2/2015,7577,BWL,0,ACTUAL
11/3/2015,7577,BWL,0,ACTUAL
11/4/2015,7577,BWL,0,ACTUAL
11/5/2015,7577,BWL,21,ACTUAL
11/6/2015,7577,BWL,0,ACTUAL
11/7/2015,7577,BWL,0,ACTUAL
11/8/2015,7577,BWL,0,ACTUAL
11/9/2015,7577,BWL,9,ACTUAL
11/10/2015,7577,BWL,0,ACTUAL
11/11/2015,7577,BWL,0,ACTUAL
11/12/2015,7577,BWL,13,ACTUAL
11/13/2015,7577,BWL,15,ACTUAL
11/14/2015,7577,BWL,0,ACTUAL
11/15/2015,7577,BWL,0,ACTUAL
11/16/2015,7577,BWL,19,ACTUAL
11/17/2015,7577,BWL,0,ACTUAL
11/18/2015,7577,BWL,0,ACTUAL
11/19/2015,7577,BWL,0,ACTUAL
11/20/2015,7577,BWL,11,ACTUAL
11/21/2015,7577,BWL,0,ACTUAL
11/22/2015,7577,BWL,0,ACTUAL
11/23/2015,7577,BWL,21,ACTUAL
11/24/2015,7577,BWL,0,ACTUAL
11/25/2015,7577,BWL,0,ACTUAL
11/26/2015,7577,BWL,0,ACTUAL
11/27/2015,7577,BWL,13,ACTUAL
11/28/2015,7577,BWL,0,ACTUAL
11/29/2015,7577,BWL,0,ACTUAL
11/30/2015,7577,BWL,17,ACTUAL
12/1/2015,7577,BWL,26,ACTUAL
12/2/2015,7577,BWL,0,ACTUAL
12/3/2015,7577,BWL,0,ACTUAL
12/4/2015,7577,BWL,0,ACTUAL
12/5/2015,7577,BWL,0,ACTUAL
12/6/2015,7577,BWL,13,ACTUAL
12/7/2015,7577,BWL,0,ACTUAL
12/8/2015,7577,BWL,0,ACTUAL
12/9/2015,7577,BWL,0,ACTUAL
12/10/2015,7577,BWL,26,ACTUAL
12/11/2015,7577,BWL,0,ACTUAL
12/12/2015,7577,BWL,0,ACTUAL
12/13/2015,7577,BWL,0,ACTUAL
12/14/2015,7577,BWL,20,ACTUAL
12/15/2015,7577,BWL,0,ACTUAL
12/16/2015,7577,BWL,0,ACTUAL
12/17/2015,7577,BWL,0,ACTUAL
12/18/2015,7577,BWL,6,ACTUAL
12/19/2015,7577,BWL,0,ACTUAL
12/20/2015,7577,BWL,0,ACTUAL
12/21/2015,7577,BWL,18,ACTUAL
12/22/2015,7577,BWL,0,ACTUAL
12/23/2015,7577,BWL,0,ACTUAL
12/24/2015,7577,BWL,0,ACTUAL
12/25/2015,7577,BWL,8,ACTUAL
12/26/2015,7577,BWL,0,ACTUAL
12/27/2015,7577,BWL,0,ACTUAL
12/28/2015,7577,BWL,0,ACTUAL
12/29/2015,7577,BWL,0,ACTUAL
12/30/2015,7577,BWL,0,ACTUAL
12/31/2015,7577,BWL,0,ACTUAL
1/1/2016,7577,BWL,15,ACTUAL
1/2/2016,7577,BWL,21,ACTUAL
1/3/2016,7577,BWL,0,ACTUAL
1/4/2016,7577,BWL,11,ACTUAL
1/5/2016,7577,BWL,0,ACTUAL
1/6/2016,7577,BWL,0,ACTUAL
1/7/2016,7577,BWL,13,ACTUAL
1/8/2016,7577,BWL,21,ACTUAL
1/9/2016,7577,BWL,0,ACTUAL
1/10/2016,7577,BWL,0,ACTUAL
1/11/2016,7577,BWL,0,ACTUAL
1/12/2016,7577,BWL,0,ACTUAL
1/13/2016,7577,BWL,0,ACTUAL
1/14/2016,7577,BWL,0,ACTUAL
1/3/2014,7577,CCB,9,ACTUAL
1/4/2014,7577,CCB,6,ACTUAL
1/5/2014,7577,CCB,8,ACTUAL
1/6/2014,7577,CCB,0,ACTUAL
1/7/2014,7577,CCB,7,ACTUAL
1/8/2014,7577,CCB,0,ACTUAL
1/9/2014,7577,CCB,0,ACTUAL
1/10/2014,7577,CCB,0,ACTUAL
1/11/2014,7577,CCB,0,ACTUAL
1/12/2014,7577,CCB,0,ACTUAL
1/13/2014,7577,CCB,0,ACTUAL
1/14/2014,7577,CCB,3,ACTUAL
1/15/2014,7577,CCB,0,ACTUAL
1/16/2014,7577,CCB,9,ACTUAL
1/17/2014,7577,CCB,0,ACTUAL
1/18/2014,7577,CCB,14,ACTUAL
1/19/2014,7577,CCB,0,ACTUAL
1/20/2014,7577,CCB,0,ACTUAL
1/21/2014,7577,CCB,11,ACTUAL
1/22/2014,7577,CCB,0,ACTUAL
1/23/2014,7577,CCB,11,ACTUAL
1/24/2014,7577,CCB,0,ACTUAL
1/25/2014,7577,CCB,14,ACTUAL
1/26/2014,7577,CCB,0,ACTUAL
1/27/2014,7577,CCB,0,ACTUAL
1/28/2014,7577,CCB,12,ACTUAL
1/29/2014,7577,CCB,0,ACTUAL
1/30/2014,7577,CCB,24,ACTUAL
1/31/2014,7577,CCB,0,ACTUAL
2/1/2014,7577,CCB,9,ACTUAL
2/2/2014,7577,CCB,0,ACTUAL
2/3/2014,7577,CCB,0,ACTUAL
2/4/2014,7577,CCB,0,ACTUAL
2/5/2014,7577,CCB,0,ACTUAL
2/6/2014,7577,CCB,0,ACTUAL
2/7/2014,7577,CCB,0,ACTUAL
2/8/2014,7577,CCB,14,ACTUAL
2/9/2014,7577,CCB,12,ACTUAL
2/10/2014,7577,CCB,2,ACTUAL
2/11/2014,7577,CCB,0,ACTUAL
2/12/2014,7577,CCB,7,ACTUAL
2/13/2014,7577,CCB,7,ACTUAL
2/14/2014,7577,CCB,0,ACTUAL
2/15/2014,7577,CCB,5,ACTUAL
2/16/2014,7577,CCB,0,ACTUAL
2/17/2014,7577,CCB,0,ACTUAL
2/18/2014,7577,CCB,14,ACTUAL
2/19/2014,7577,CCB,0,ACTUAL
2/20/2014,7577,CCB,0,ACTUAL
2/21/2014,7577,CCB,0,ACTUAL
2/22/2014,7577,CCB,14,ACTUAL
2/23/2014,7577,CCB,0,ACTUAL
2/24/2014,7577,CCB,0,ACTUAL
2/25/2014,7577,CCB,6,ACTUAL
2/26/2014,7577,CCB,0,ACTUAL
2/27/2014,7577,CCB,1,ACTUAL
2/28/2014,7577,CCB,0,ACTUAL
3/1/2014,7577,CCB,0,ACTUAL
3/2/2014,7577,CCB,0,ACTUAL
3/3/2014,7577,CCB,0,ACTUAL
3/4/2014,7577,CCB,1,ACTUAL
3/5/2014,7577,CCB,11,ACTUAL
3/6/2014,7577,CCB,2,ACTUAL
3/7/2014,7577,CCB,6,ACTUAL
3/8/2014,7577,CCB,0,ACTUAL
3/9/2014,7577,CCB,0,ACTUAL
3/10/2014,7577,CCB,0,ACTUAL
3/11/2014,7577,CCB,0,ACTUAL
3/12/2014,7577,CCB,0,ACTUAL
3/13/2014,7577,CCB,12,ACTUAL
3/14/2014,7577,CCB,0,ACTUAL
3/15/2014,7577,CCB,14,ACTUAL
3/16/2014,7577,CCB,0,ACTUAL
3/17/2014,7577,CCB,0,ACTUAL
3/18/2014,7577,CCB,10,ACTUAL
3/19/2014,7577,CCB,0,ACTUAL
3/20/2014,7577,CCB,6,ACTUAL
3/21/2014,7577,CCB,0,ACTUAL
3/22/2014,7577,CCB,10,ACTUAL
3/23/2014,7577,CCB,0,ACTUAL
3/24/2014,7577,CCB,0,ACTUAL
3/25/2014,7577,CCB,12,ACTUAL
3/26/2014,7577,CCB,0,ACTUAL
3/27/2014,7577,CCB,12,ACTUAL
3/28/2014,7577,CCB,0,ACTUAL
3/29/2014,7577,CCB,14,ACTUAL
3/30/2014,7577,CCB,0,ACTUAL
3/31/2014,7577,CCB,0,ACTUAL
4/1/2014,7577,CCB,14,ACTUAL
4/2/2014,7577,CCB,7,ACTUAL
4/3/2014,7577,CCB,11,ACTUAL
4/4/2014,7577,CCB,0,ACTUAL
4/5/2014,7577,CCB,0,ACTUAL
4/6/2014,7577,CCB,0,ACTUAL
4/7/2014,7577,CCB,0,ACTUAL
4/8/2014,7577,CCB,0,ACTUAL
4/9/2014,7577,CCB,12,ACTUAL
4/10/2014,7577,CCB,14,ACTUAL
4/11/2014,7577,CCB,10,ACTUAL
4/12/2014,7577,CCB,8,ACTUAL
4/13/2014,7577,CCB,0,ACTUAL
4/14/2014,7577,CCB,0,ACTUAL
4/15/2014,7577,CCB,5,ACTUAL
4/16/2014,7577,CCB,0,ACTUAL
4/17/2014,7577,CCB,7,ACTUAL
4/18/2014,7577,CCB,0,ACTUAL
4/19/2014,7577,CCB,14,ACTUAL
4/20/2014,7577,CCB,0,ACTUAL
4/21/2014,7577,CCB,0,ACTUAL
4/22/2014,7577,CCB,4,ACTUAL
4/23/2014,7577,CCB,0,ACTUAL
4/24/2014,7577,CCB,5,ACTUAL
4/25/2014,7577,CCB,0,ACTUAL
4/26/2014,7577,CCB,14,ACTUAL
4/27/2014,7577,CCB,0,ACTUAL
4/28/2014,7577,CCB,0,ACTUAL
4/29/2014,7577,CCB,9,ACTUAL
4/30/2014,7577,CCB,0,ACTUAL
5/1/2014,7577,CCB,0,ACTUAL
5/2/2014,7577,CCB,0,ACTUAL
5/3/2014,7577,CCB,0,ACTUAL
5/4/2014,7577,CCB,4,ACTUAL
5/5/2014,7577,CCB,0,ACTUAL
5/6/2014,7577,CCB,12,ACTUAL
5/7/2014,7577,CCB,14,ACTUAL
5/8/2014,7577,CCB,3,ACTUAL
5/9/2014,7577,CCB,0,ACTUAL
5/10/2014,7577,CCB,0,ACTUAL
5/11/2014,7577,CCB,0,ACTUAL
5/12/2014,7577,CCB,0,ACTUAL
5/13/2014,7577,CCB,7,ACTUAL
5/14/2014,7577,CCB,0,ACTUAL
5/15/2014,7577,CCB,6,ACTUAL
5/16/2014,7577,CCB,0,ACTUAL
5/17/2014,7577,CCB,14,ACTUAL
5/18/2014,7577,CCB,0,ACTUAL
5/19/2014,7577,CCB,0,ACTUAL
5/20/2014,7577,CCB,1,ACTUAL
5/21/2014,7577,CCB,0,ACTUAL
5/22/2014,7577,CCB,10,ACTUAL
5/23/2014,7577,CCB,0,ACTUAL
5/24/2014,7577,CCB,8,ACTUAL
5/25/2014,7577,CCB,0,ACTUAL
5/26/2014,7577,CCB,0,ACTUAL
5/27/2014,7577,CCB,4,ACTUAL
5/28/2014,7577,CCB,0,ACTUAL
5/29/2014,7577,CCB,0,ACTUAL
5/30/2014,7577,CCB,0,ACTUAL
5/31/2014,7577,CCB,14,ACTUAL
6/1/2014,7577,CCB,0,ACTUAL
6/2/2014,7577,CCB,12,ACTUAL
6/3/2014,7577,CCB,3,ACTUAL
6/4/2014,7577,CCB,0,ACTUAL
6/5/2014,7577,CCB,9,ACTUAL
6/6/2014,7577,CCB,0,ACTUAL
6/7/2014,7577,CCB,0,ACTUAL
6/8/2014,7577,CCB,0,ACTUAL
6/9/2014,7577,CCB,6,ACTUAL
6/10/2014,7577,CCB,0,ACTUAL
6/11/2014,7577,CCB,1,ACTUAL
6/12/2014,7577,CCB,3,ACTUAL
6/13/2014,7577,CCB,0,ACTUAL
6/14/2014,7577,CCB,9,ACTUAL
6/15/2014,7577,CCB,0,ACTUAL
6/16/2014,7577,CCB,0,ACTUAL
6/17/2014,7577,CCB,7,ACTUAL
6/18/2014,7577,CCB,0,ACTUAL
6/19/2014,7577,CCB,8,ACTUAL
6/20/2014,7577,CCB,0,ACTUAL
6/21/2014,7577,CCB,5,ACTUAL
6/22/2014,7577,CCB,0,ACTUAL
6/23/2014,7577,CCB,0,ACTUAL
6/24/2014,7577,CCB,14,ACTUAL
6/25/2014,7577,CCB,0,ACTUAL
6/26/2014,7577,CCB,4,ACTUAL
6/27/2014,7577,CCB,0,ACTUAL
6/28/2014,7577,CCB,6,ACTUAL
6/29/2014,7577,CCB,0,ACTUAL
6/30/2014,7577,CCB,0,ACTUAL
7/1/2014,7577,CCB,8,ACTUAL
7/2/2014,7577,CCB,0,ACTUAL
7/3/2014,7577,CCB,0,ACTUAL
7/4/2014,7577,CCB,0,ACTUAL
7/5/2014,7577,CCB,0,ACTUAL
7/6/2014,7577,CCB,14,ACTUAL
7/7/2014,7577,CCB,0,ACTUAL
7/8/2014,7577,CCB,6,ACTUAL
7/9/2014,7577,CCB,0,ACTUAL
7/10/2014,7577,CCB,7,ACTUAL
7/11/2014,7577,CCB,0,ACTUAL
7/12/2014,7577,CCB,0,ACTUAL
7/13/2014,7577,CCB,0,ACTUAL
7/14/2014,7577,CCB,0,ACTUAL
7/15/2014,7577,CCB,9,ACTUAL
7/16/2014,7577,CCB,0,ACTUAL
7/17/2014,7577,CCB,6,ACTUAL
7/18/2014,7577,CCB,0,ACTUAL
7/19/2014,7577,CCB,5,ACTUAL
7/20/2014,7577,CCB,0,ACTUAL
7/21/2014,7577,CCB,0,ACTUAL
7/22/2014,7577,CCB,6,ACTUAL
7/23/2014,7577,CCB,0,ACTUAL
7/24/2014,7577,CCB,3,ACTUAL
7/25/2014,7577,CCB,0,ACTUAL
7/26/2014,7577,CCB,6,ACTUAL
7/27/2014,7577,CCB,0,ACTUAL
7/28/2014,7577,CCB,0,ACTUAL
7/29/2014,7577,CCB,8,ACTUAL
7/30/2014,7577,CCB,0,ACTUAL
7/31/2014,7577,CCB,6,ACTUAL
8/1/2014,7577,CCB,0,ACTUAL
8/2/2014,7577,CCB,11,ACTUAL
8/3/2014,7577,CCB,14,ACTUAL
8/4/2014,7577,CCB,3,ACTUAL
8/5/2014,7577,CCB,4,ACTUAL
8/6/2014,7577,CCB,0,ACTUAL
8/7/2014,7577,CCB,2,ACTUAL
8/8/2014,7577,CCB,0,ACTUAL
8/9/2014,7577,CCB,0,ACTUAL
8/10/2014,7577,CCB,0,ACTUAL
8/11/2014,7577,CCB,5,ACTUAL
8/12/2014,7577,CCB,0,ACTUAL
8/13/2014,7577,CCB,0,ACTUAL
8/14/2014,7577,CCB,4,ACTUAL
8/15/2014,7577,CCB,0,ACTUAL
8/16/2014,7577,CCB,16,ACTUAL
8/17/2014,7577,CCB,0,ACTUAL
8/18/2014,7577,CCB,0,ACTUAL
8/19/2014,7577,CCB,0,ACTUAL
8/20/2014,7577,CCB,0,ACTUAL
8/21/2014,7577,CCB,16,ACTUAL
8/22/2014,7577,CCB,0,ACTUAL
8/23/2014,7577,CCB,0,ACTUAL
8/24/2014,7577,CCB,0,ACTUAL
8/25/2014,7577,CCB,0,ACTUAL
8/26/2014,7577,CCB,0,ACTUAL
8/27/2014,7577,CCB,0,ACTUAL
8/28/2014,7577,CCB,8,ACTUAL
8/29/2014,7577,CCB,0,ACTUAL
8/30/2014,7577,CCB,8,ACTUAL
8/31/2014,7577,CCB,0,ACTUAL
9/1/2014,7577,CCB,5,ACTUAL
9/2/2014,7577,CCB,0,ACTUAL
9/3/2014,7577,CCB,0,ACTUAL
9/4/2014,7577,CCB,0,ACTUAL
9/5/2014,7577,CCB,0,ACTUAL
9/6/2014,7577,CCB,0,ACTUAL
9/7/2014,7577,CCB,0,ACTUAL
9/8/2014,7577,CCB,10,ACTUAL
9/9/2014,7577,CCB,24,ACTUAL
9/10/2014,7577,CCB,7,ACTUAL
9/11/2014,7577,CCB,0,ACTUAL
9/12/2014,7577,CCB,2,ACTUAL
9/13/2014,7577,CCB,5,ACTUAL
9/14/2014,7577,CCB,0,ACTUAL
9/15/2014,7577,CCB,0,ACTUAL
9/16/2014,7577,CCB,8,ACTUAL
9/17/2014,7577,CCB,0,ACTUAL
9/18/2014,7577,CCB,6,ACTUAL
9/19/2014,7577,CCB,0,ACTUAL
9/20/2014,7577,CCB,8,ACTUAL
9/21/2014,7577,CCB,0,ACTUAL
9/22/2014,7577,CCB,0,ACTUAL
9/23/2014,7577,CCB,4,ACTUAL
9/24/2014,7577,CCB,0,ACTUAL
9/25/2014,7577,CCB,11,ACTUAL
9/26/2014,7577,CCB,0,ACTUAL
9/27/2014,7577,CCB,14,ACTUAL
9/28/2014,7577,CCB,0,ACTUAL
9/29/2014,7577,CCB,0,ACTUAL
9/30/2014,7577,CCB,4,ACTUAL
10/1/2014,7577,CCB,0,ACTUAL
10/2/2014,7577,CCB,0,ACTUAL
10/3/2014,7577,CCB,0,ACTUAL
10/4/2014,7577,CCB,3,ACTUAL
10/5/2014,7577,CCB,9,ACTUAL
10/6/2014,7577,CCB,0,ACTUAL
10/7/2014,7577,CCB,5,ACTUAL
10/8/2014,7577,CCB,0,ACTUAL
10/9/2014,7577,CCB,0,ACTUAL
10/10/2014,7577,CCB,0,ACTUAL
10/11/2014,7577,CCB,0,ACTUAL
10/12/2014,7577,CCB,0,ACTUAL
10/13/2014,7577,CCB,0,ACTUAL
10/14/2014,7577,CCB,0,ACTUAL
10/15/2014,7577,CCB,0,ACTUAL
10/16/2014,7577,CCB,0,ACTUAL
10/17/2014,7577,CCB,0,ACTUAL
10/18/2014,7577,CCB,7,ACTUAL
10/19/2014,7577,CCB,0,ACTUAL
10/20/2014,7577,CCB,0,ACTUAL
10/21/2014,7577,CCB,5,ACTUAL
10/22/2014,7577,CCB,0,ACTUAL
10/23/2014,7577,CCB,7,ACTUAL
10/24/2014,7577,CCB,0,ACTUAL
10/25/2014,7577,CCB,5,ACTUAL
10/26/2014,7577,CCB,0,ACTUAL
10/27/2014,7577,CCB,0,ACTUAL
10/28/2014,7577,CCB,16,ACTUAL
10/29/2014,7577,CCB,0,ACTUAL
10/30/2014,7577,CCB,0,ACTUAL
10/31/2014,7577,CCB,0,ACTUAL
11/1/2014,7577,CCB,10,ACTUAL
11/2/2014,7577,CCB,8,ACTUAL
11/3/2014,7577,CCB,7,ACTUAL
11/4/2014,7577,CCB,0,ACTUAL
11/5/2014,7577,CCB,0,ACTUAL
11/6/2014,7577,CCB,0,ACTUAL
11/7/2014,7577,CCB,0,ACTUAL
11/8/2014,7577,CCB,0,ACTUAL
11/9/2014,7577,CCB,2,ACTUAL
11/10/2014,7577,CCB,10,ACTUAL
11/11/2014,7577,CCB,5,ACTUAL
11/12/2014,7577,CCB,5,ACTUAL
11/13/2014,7577,CCB,7,ACTUAL
11/14/2014,7577,CCB,0,ACTUAL
11/15/2014,7577,CCB,10,ACTUAL
11/16/2014,7577,CCB,0,ACTUAL
11/17/2014,7577,CCB,0,ACTUAL
11/18/2014,7577,CCB,1,ACTUAL
11/19/2014,7577,CCB,0,ACTUAL
11/20/2014,7577,CCB,4,ACTUAL
11/21/2014,7577,CCB,0,ACTUAL
11/22/2014,7577,CCB,11,ACTUAL
11/23/2014,7577,CCB,0,ACTUAL
11/24/2014,7577,CCB,0,ACTUAL
11/25/2014,7577,CCB,3,ACTUAL
11/26/2014,7577,CCB,0,ACTUAL
11/27/2014,7577,CCB,0,ACTUAL
11/28/2014,7577,CCB,0,ACTUAL
11/29/2014,7577,CCB,9,ACTUAL
11/30/2014,7577,CCB,0,ACTUAL
12/1/2014,7577,CCB,0,ACTUAL
12/2/2014,7577,CCB,0,ACTUAL
12/3/2014,7577,CCB,0,ACTUAL
12/4/2014,7577,CCB,5,ACTUAL
12/5/2014,7577,CCB,0,ACTUAL
12/6/2014,7577,CCB,7,ACTUAL
12/7/2014,7577,CCB,9,ACTUAL
12/8/2014,7577,CCB,6,ACTUAL
12/9/2014,7577,CCB,0,ACTUAL
12/10/2014,7577,CCB,0,ACTUAL
12/11/2014,7577,CCB,0,ACTUAL
12/12/2014,7577,CCB,0,ACTUAL
12/13/2014,7577,CCB,3,ACTUAL
12/14/2014,7577,CCB,0,ACTUAL
12/15/2014,7577,CCB,0,ACTUAL
12/16/2014,7577,CCB,3,ACTUAL
12/17/2014,7577,CCB,0,ACTUAL
12/18/2014,7577,CCB,2,ACTUAL
12/19/2014,7577,CCB,0,ACTUAL
12/20/2014,7577,CCB,4,ACTUAL
12/21/2014,7577,CCB,0,ACTUAL
12/22/2014,7577,CCB,0,ACTUAL
12/23/2014,7577,CCB,0,ACTUAL
12/24/2014,7577,CCB,0,ACTUAL
12/25/2014,7577,CCB,2,ACTUAL
12/26/2014,7577,CCB,0,ACTUAL
12/27/2014,7577,CCB,5,ACTUAL
12/28/2014,7577,CCB,0,ACTUAL
12/29/2014,7577,CCB,0,ACTUAL
12/30/2014,7577,CCB,2,ACTUAL
12/31/2014,7577,CCB,0,ACTUAL
1/1/2015,7577,CCB,3,ACTUAL
1/2/2015,7577,CCB,0,ACTUAL
1/3/2015,7577,CCB,0,ACTUAL
1/4/2015,7577,CCB,0,ACTUAL
1/5/2015,7577,CCB,0,ACTUAL
1/6/2015,7577,CCB,0,ACTUAL
1/7/2015,7577,CCB,0,ACTUAL
1/8/2015,7577,CCB,9,ACTUAL
1/9/2015,7577,CCB,2,ACTUAL
1/10/2015,7577,CCB,6,ACTUAL
1/11/2015,7577,CCB,0,ACTUAL
1/12/2015,7577,CCB,8,ACTUAL
1/13/2015,7577,CCB,1,ACTUAL
1/14/2015,7577,CCB,0,ACTUAL
1/15/2015,7577,CCB,6,ACTUAL
1/16/2015,7577,CCB,0,ACTUAL
1/17/2015,7577,CCB,14,ACTUAL
1/18/2015,7577,CCB,0,ACTUAL
1/19/2015,7577,CCB,0,ACTUAL
1/20/2015,7577,CCB,5,ACTUAL
1/21/2015,7577,CCB,0,ACTUAL
1/22/2015,7577,CCB,6,ACTUAL
1/23/2015,7577,CCB,0,ACTUAL
1/24/2015,7577,CCB,14,ACTUAL
1/25/2015,7577,CCB,0,ACTUAL
1/26/2015,7577,CCB,0,ACTUAL
1/27/2015,7577,CCB,3,ACTUAL
1/28/2015,7577,CCB,0,ACTUAL
1/29/2015,7577,CCB,3,ACTUAL
1/30/2015,7577,CCB,0,ACTUAL
1/31/2015,7577,CCB,16,ACTUAL
2/1/2015,7577,CCB,0,ACTUAL
2/2/2015,7577,CCB,0,ACTUAL
2/3/2015,7577,CCB,0,ACTUAL
2/4/2015,7577,CCB,5,ACTUAL
2/5/2015,7577,CCB,14,ACTUAL
2/6/2015,7577,CCB,4,ACTUAL
2/7/2015,7577,CCB,9,ACTUAL
2/8/2015,7577,CCB,0,ACTUAL
2/9/2015,7577,CCB,0,ACTUAL
2/10/2015,7577,CCB,0,ACTUAL
2/11/2015,7577,CCB,0,ACTUAL
2/12/2015,7577,CCB,0,ACTUAL
2/13/2015,7577,CCB,0,ACTUAL
2/14/2015,7577,CCB,9,ACTUAL
2/15/2015,7577,CCB,0,ACTUAL
2/16/2015,7577,CCB,0,ACTUAL
2/17/2015,7577,CCB,6,ACTUAL
2/18/2015,7577,CCB,0,ACTUAL
2/19/2015,7577,CCB,0,ACTUAL
2/20/2015,7577,CCB,0,ACTUAL
2/21/2015,7577,CCB,14,ACTUAL
2/22/2015,7577,CCB,0,ACTUAL
2/23/2015,7577,CCB,0,ACTUAL
2/24/2015,7577,CCB,8,ACTUAL
2/25/2015,7577,CCB,0,ACTUAL
2/26/2015,7577,CCB,5,ACTUAL
2/27/2015,7577,CCB,0,ACTUAL
2/28/2015,7577,CCB,14,ACTUAL
3/1/2015,7577,CCB,4,ACTUAL
3/2/2015,7577,CCB,0,ACTUAL
3/3/2015,7577,CCB,6,ACTUAL
3/4/2015,7577,CCB,0,ACTUAL
3/5/2015,7577,CCB,0,ACTUAL
3/6/2015,7577,CCB,0,ACTUAL
3/7/2015,7577,CCB,0,ACTUAL
3/8/2015,7577,CCB,0,ACTUAL
3/9/2015,7577,CCB,1,ACTUAL
3/10/2015,7577,CCB,3,ACTUAL
3/11/2015,7577,CCB,1,ACTUAL
3/12/2015,7577,CCB,36,ACTUAL
3/13/2015,7577,CCB,0,ACTUAL
3/14/2015,7577,CCB,2,ACTUAL
3/15/2015,7577,CCB,0,ACTUAL
3/16/2015,7577,CCB,0,ACTUAL
3/17/2015,7577,CCB,2,ACTUAL
3/18/2015,7577,CCB,0,ACTUAL
3/19/2015,7577,CCB,2,ACTUAL
3/20/2015,7577,CCB,0,ACTUAL
3/21/2015,7577,CCB,14,ACTUAL
3/22/2015,7577,CCB,0,ACTUAL
3/23/2015,7577,CCB,0,ACTUAL
3/24/2015,7577,CCB,6,ACTUAL
3/25/2015,7577,CCB,0,ACTUAL
3/26/2015,7577,CCB,2,ACTUAL
3/27/2015,7577,CCB,0,ACTUAL
3/28/2015,7577,CCB,10,ACTUAL
3/29/2015,7577,CCB,0,ACTUAL
3/30/2015,7577,CCB,0,ACTUAL
3/31/2015,7577,CCB,8,ACTUAL
4/1/2015,7577,CCB,0,ACTUAL
4/2/2015,7577,CCB,0,ACTUAL
4/3/2015,7577,CCB,0,ACTUAL
4/4/2015,7577,CCB,6,ACTUAL
4/5/2015,7577,CCB,0,ACTUAL
4/6/2015,7577,CCB,9,ACTUAL
4/7/2015,7577,CCB,6,ACTUAL
4/8/2015,7577,CCB,7,ACTUAL
4/9/2015,7577,CCB,0,ACTUAL
4/10/2015,7577,CCB,0,ACTUAL
4/11/2015,7577,CCB,0,ACTUAL
4/12/2015,7577,CCB,0,ACTUAL
4/13/2015,7577,CCB,0,ACTUAL
4/14/2015,7577,CCB,5,ACTUAL
4/15/2015,7577,CCB,0,ACTUAL
4/16/2015,7577,CCB,3,ACTUAL
4/17/2015,7577,CCB,0,ACTUAL
4/18/2015,7577,CCB,14,ACTUAL
4/19/2015,7577,CCB,0,ACTUAL
4/20/2015,7577,CCB,0,ACTUAL
4/21/2015,7577,CCB,5,ACTUAL
4/22/2015,7577,CCB,0,ACTUAL
4/23/2015,7577,CCB,4,ACTUAL
4/24/2015,7577,CCB,0,ACTUAL
4/25/2015,7577,CCB,8,ACTUAL
4/26/2015,7577,CCB,0,ACTUAL
4/27/2015,7577,CCB,0,ACTUAL
4/28/2015,7577,CCB,12,ACTUAL
4/29/2015,7577,CCB,0,ACTUAL
4/30/2015,7577,CCB,9,ACTUAL
5/1/2015,7577,CCB,0,ACTUAL
5/2/2015,7577,CCB,5,ACTUAL
5/3/2015,7577,CCB,2,ACTUAL
5/4/2015,7577,CCB,0,ACTUAL
5/5/2015,7577,CCB,6,ACTUAL
5/6/2015,7577,CCB,0,ACTUAL
5/7/2015,7577,CCB,0,ACTUAL
5/8/2015,7577,CCB,0,ACTUAL
5/9/2015,7577,CCB,16,ACTUAL
5/10/2015,7577,CCB,0,ACTUAL
5/11/2015,7577,CCB,7,ACTUAL
5/12/2015,7577,CCB,4,ACTUAL
5/13/2015,7577,CCB,0,ACTUAL
5/14/2015,7577,CCB,9,ACTUAL
5/15/2015,7577,CCB,0,ACTUAL
5/16/2015,7577,CCB,14,ACTUAL
5/17/2015,7577,CCB,0,ACTUAL
5/18/2015,7577,CCB,0,ACTUAL
5/19/2015,7577,CCB,7,ACTUAL
5/20/2015,7577,CCB,0,ACTUAL
5/21/2015,7577,CCB,11,ACTUAL
5/22/2015,7577,CCB,0,ACTUAL
5/23/2015,7577,CCB,9,ACTUAL
5/24/2015,7577,CCB,0,ACTUAL
5/25/2015,7577,CCB,0,ACTUAL
5/26/2015,7577,CCB,6,ACTUAL
5/27/2015,7577,CCB,0,ACTUAL
5/28/2015,7577,CCB,3,ACTUAL
5/29/2015,7577,CCB,0,ACTUAL
5/30/2015,7577,CCB,6,ACTUAL
5/31/2015,7577,CCB,0,ACTUAL
6/1/2015,7577,CCB,4,ACTUAL
6/2/2015,7577,CCB,0,ACTUAL
6/3/2015,7577,CCB,0,ACTUAL
6/4/2015,7577,CCB,0,ACTUAL
6/5/2015,7577,CCB,0,ACTUAL
6/6/2015,7577,CCB,8,ACTUAL
6/7/2015,7577,CCB,0,ACTUAL
6/8/2015,7577,CCB,6,ACTUAL
6/9/2015,7577,CCB,0,ACTUAL
6/10/2015,7577,CCB,5,ACTUAL
6/11/2015,7577,CCB,0,ACTUAL
6/12/2015,7577,CCB,0,ACTUAL
6/13/2015,7577,CCB,3,ACTUAL
6/14/2015,7577,CCB,0,ACTUAL
6/15/2015,7577,CCB,0,ACTUAL
6/16/2015,7577,CCB,3,ACTUAL
6/17/2015,7577,CCB,0,ACTUAL
6/18/2015,7577,CCB,5,ACTUAL
6/19/2015,7577,CCB,0,ACTUAL
6/20/2015,7577,CCB,14,ACTUAL
6/21/2015,7577,CCB,0,ACTUAL
6/22/2015,7577,CCB,0,ACTUAL
6/23/2015,7577,CCB,2,ACTUAL
6/24/2015,7577,CCB,0,ACTUAL
6/25/2015,7577,CCB,10,ACTUAL
6/26/2015,7577,CCB,0,ACTUAL
6/27/2015,7577,CCB,7,ACTUAL
6/28/2015,7577,CCB,0,ACTUAL
6/29/2015,7577,CCB,0,ACTUAL
6/30/2015,7577,CCB,3,ACTUAL
7/1/2015,7577,CCB,0,ACTUAL
7/2/2015,7577,CCB,14,ACTUAL
7/3/2015,7577,CCB,14,ACTUAL
7/4/2015,7577,CCB,6,ACTUAL
7/5/2015,7577,CCB,6,ACTUAL
7/6/2015,7577,CCB,0,ACTUAL
7/7/2015,7577,CCB,6,ACTUAL
7/8/2015,7577,CCB,0,ACTUAL
7/9/2015,7577,CCB,0,ACTUAL
7/10/2015,7577,CCB,0,ACTUAL
7/11/2015,7577,CCB,4,ACTUAL
7/12/2015,7577,CCB,0,ACTUAL
7/13/2015,7577,CCB,0,ACTUAL
7/14/2015,7577,CCB,12,ACTUAL
7/15/2015,7577,CCB,0,ACTUAL
7/16/2015,7577,CCB,3,ACTUAL
7/17/2015,7577,CCB,0,ACTUAL
7/18/2015,7577,CCB,9,ACTUAL
7/19/2015,7577,CCB,0,ACTUAL
7/20/2015,7577,CCB,0,ACTUAL
7/21/2015,7577,CCB,4,ACTUAL
7/22/2015,7577,CCB,0,ACTUAL
7/23/2015,7577,CCB,11,ACTUAL
7/24/2015,7577,CCB,0,ACTUAL
7/25/2015,7577,CCB,10,ACTUAL
7/26/2015,7577,CCB,0,ACTUAL
7/27/2015,7577,CCB,0,ACTUAL
7/28/2015,7577,CCB,4,ACTUAL
7/29/2015,7577,CCB,0,ACTUAL
7/30/2015,7577,CCB,9,ACTUAL
7/31/2015,7577,CCB,0,ACTUAL
8/1/2015,7577,CCB,3,ACTUAL
8/2/2015,7577,CCB,0,ACTUAL
8/3/2015,7577,CCB,0,ACTUAL
8/4/2015,7577,CCB,0,ACTUAL
8/5/2015,7577,CCB,0,ACTUAL
8/6/2015,7577,CCB,0,ACTUAL
8/7/2015,7577,CCB,0,ACTUAL
8/8/2015,7577,CCB,6,ACTUAL
8/9/2015,7577,CCB,0,ACTUAL
8/10/2015,7577,CCB,4,ACTUAL
8/11/2015,7577,CCB,0,ACTUAL
8/12/2015,7577,CCB,4,ACTUAL
8/13/2015,7577,CCB,5,ACTUAL
8/14/2015,7577,CCB,0,ACTUAL
8/15/2015,7577,CCB,7,ACTUAL
8/16/2015,7577,CCB,0,ACTUAL
8/17/2015,7577,CCB,0,ACTUAL
8/18/2015,7577,CCB,5,ACTUAL
8/19/2015,7577,CCB,0,ACTUAL
8/20/2015,7577,CCB,5,ACTUAL
8/21/2015,7577,CCB,0,ACTUAL
8/22/2015,7577,CCB,4,ACTUAL
8/23/2015,7577,CCB,0,ACTUAL
8/24/2015,7577,CCB,0,ACTUAL
8/25/2015,7577,CCB,5,ACTUAL
8/26/2015,7577,CCB,0,ACTUAL
8/27/2015,7577,CCB,8,ACTUAL
8/28/2015,7577,CCB,0,ACTUAL
8/29/2015,7577,CCB,2,ACTUAL
8/30/2015,7577,CCB,0,ACTUAL
8/31/2015,7577,CCB,0,ACTUAL
9/1/2015,7577,CCB,0,ACTUAL
9/2/2015,7577,CCB,0,ACTUAL
9/3/2015,7577,CCB,0,ACTUAL
9/4/2015,7577,CCB,4,ACTUAL
9/5/2015,7577,CCB,14,ACTUAL
9/6/2015,7577,CCB,5,ACTUAL
9/7/2015,7577,CCB,4,ACTUAL
9/8/2015,7577,CCB,0,ACTUAL
9/9/2015,7577,CCB,0,ACTUAL
9/10/2015,7577,CCB,0,ACTUAL
9/11/2015,7577,CCB,0,ACTUAL
9/12/2015,7577,CCB,0,ACTUAL
9/13/2015,7577,CCB,0,ACTUAL
9/14/2015,7577,CCB,0,ACTUAL
9/15/2015,7577,CCB,9,ACTUAL
9/16/2015,7577,CCB,0,ACTUAL
9/17/2015,7577,CCB,2,ACTUAL
9/18/2015,7577,CCB,0,ACTUAL
9/19/2015,7577,CCB,14,ACTUAL
9/20/2015,7577,CCB,0,ACTUAL
9/21/2015,7577,CCB,0,ACTUAL
9/22/2015,7577,CCB,9,ACTUAL
9/23/2015,7577,CCB,0,ACTUAL
9/24/2015,7577,CCB,8,ACTUAL
9/25/2015,7577,CCB,0,ACTUAL
9/26/2015,7577,CCB,4,ACTUAL
9/27/2015,7577,CCB,0,ACTUAL
9/28/2015,7577,CCB,0,ACTUAL
9/29/2015,7577,CCB,4,ACTUAL
9/30/2015,7577,CCB,0,ACTUAL
10/1/2015,7577,CCB,14,ACTUAL
10/2/2015,7577,CCB,6,ACTUAL
10/3/2015,7577,CCB,8,ACTUAL
10/4/2015,7577,CCB,0,ACTUAL
10/5/2015,7577,CCB,0,ACTUAL
10/6/2015,7577,CCB,0,ACTUAL
10/7/2015,7577,CCB,0,ACTUAL
10/8/2015,7577,CCB,0,ACTUAL
10/9/2015,7577,CCB,2,ACTUAL
10/10/2015,7577,CCB,3,ACTUAL
10/11/2015,7577,CCB,5,ACTUAL
10/12/2015,7577,CCB,4,ACTUAL
10/13/2015,7577,CCB,6,ACTUAL
10/14/2015,7577,CCB,0,ACTUAL
10/15/2015,7577,CCB,0,ACTUAL
10/16/2015,7577,CCB,0,ACTUAL
10/17/2015,7577,CCB,3,ACTUAL
10/18/2015,7577,CCB,0,ACTUAL
10/19/2015,7577,CCB,0,ACTUAL
10/20/2015,7577,CCB,6,ACTUAL
10/21/2015,7577,CCB,0,ACTUAL
10/22/2015,7577,CCB,1,ACTUAL
10/23/2015,7577,CCB,0,ACTUAL
10/24/2015,7577,CCB,8,ACTUAL
10/25/2015,7577,CCB,0,ACTUAL
10/26/2015,7577,CCB,0,ACTUAL
10/27/2015,7577,CCB,7,ACTUAL
10/28/2015,7577,CCB,0,ACTUAL
10/29/2015,7577,CCB,7,ACTUAL
10/30/2015,7577,CCB,0,ACTUAL
10/31/2015,7577,CCB,5,ACTUAL
11/1/2015,7577,CCB,0,ACTUAL
11/2/2015,7577,CCB,0,ACTUAL
11/3/2015,7577,CCB,0,ACTUAL
11/4/2015,7577,CCB,3,ACTUAL
11/5/2015,7577,CCB,0,ACTUAL
11/6/2015,7577,CCB,5,ACTUAL
11/7/2015,7577,CCB,14,ACTUAL
11/8/2015,7577,CCB,5,ACTUAL
11/9/2015,7577,CCB,0,ACTUAL
11/10/2015,7577,CCB,0,ACTUAL
11/11/2015,7577,CCB,0,ACTUAL
11/12/2015,7577,CCB,0,ACTUAL
11/13/2015,7577,CCB,0,ACTUAL
11/14/2015,7577,CCB,10,ACTUAL
11/15/2015,7577,CCB,0,ACTUAL
11/16/2015,7577,CCB,0,ACTUAL
11/17/2015,7577,CCB,7,ACTUAL
11/18/2015,7577,CCB,0,ACTUAL
11/19/2015,7577,CCB,5,ACTUAL
11/20/2015,7577,CCB,0,ACTUAL
11/21/2015,7577,CCB,5,ACTUAL
11/22/2015,7577,CCB,0,ACTUAL
11/23/2015,7577,CCB,0,ACTUAL
11/24/2015,7577,CCB,5,ACTUAL
11/25/2015,7577,CCB,0,ACTUAL
11/26/2015,7577,CCB,4,ACTUAL
11/27/2015,7577,CCB,0,ACTUAL
11/28/2015,7577,CCB,10,ACTUAL
11/29/2015,7577,CCB,0,ACTUAL
11/30/2015,7577,CCB,0,ACTUAL
12/1/2015,7577,CCB,0,ACTUAL
12/2/2015,7577,CCB,5,ACTUAL
12/3/2015,7577,CCB,2,ACTUAL
12/4/2015,7577,CCB,0,ACTUAL
12/5/2015,7577,CCB,5,ACTUAL
12/6/2015,7577,CCB,0,ACTUAL
12/7/2015,7577,CCB,0,ACTUAL
12/8/2015,7577,CCB,0,ACTUAL
12/9/2015,7577,CCB,10,ACTUAL
12/10/2015,7577,CCB,0,ACTUAL
12/11/2015,7577,CCB,3,ACTUAL
12/12/2015,7577,CCB,5,ACTUAL
12/13/2015,7577,CCB,0,ACTUAL
12/14/2015,7577,CCB,0,ACTUAL
12/15/2015,7577,CCB,4,ACTUAL
12/16/2015,7577,CCB,0,ACTUAL
12/17/2015,7577,CCB,2,ACTUAL
12/18/2015,7577,CCB,0,ACTUAL
12/19/2015,7577,CCB,2,ACTUAL
12/20/2015,7577,CCB,0,ACTUAL
12/21/2015,7577,CCB,0,ACTUAL
12/22/2015,7577,CCB,1,ACTUAL
12/23/2015,7577,CCB,0,ACTUAL
12/24/2015,7577,CCB,0,ACTUAL
12/25/2015,7577,CCB,0,ACTUAL
12/26/2015,7577,CCB,2,ACTUAL
12/27/2015,7577,CCB,0,ACTUAL
12/28/2015,7577,CCB,0,ACTUAL
12/29/2015,7577,CCB,0,ACTUAL
12/30/2015,7577,CCB,0,ACTUAL
12/31/2015,7577,CCB,0,ACTUAL
1/1/2016,7577,CCB,0,ACTUAL
1/2/2016,7577,CCB,0,ACTUAL
1/3/2016,7577,CCB,3,ACTUAL
1/4/2016,7577,CCB,0,ACTUAL
1/5/2016,7577,CCB,0,ACTUAL
1/6/2016,7577,CCB,0,ACTUAL
1/7/2016,7577,CCB,0,ACTUAL
1/8/2016,7577,CCB,0,ACTUAL
1/9/2016,7577,CCB,2,ACTUAL
1/10/2016,7577,CCB,4,ACTUAL
1/11/2016,7577,CCB,0,ACTUAL
1/12/2016,7577,CCB,0,ACTUAL
1/13/2016,7577,CCB,0,ACTUAL
1/14/2016,7577,CCB,1,ACTUAL
1/3/2014,7655,CCL,29,ACTUAL
1/4/2014,7655,CCL,19,ACTUAL
1/5/2014,7655,CCL,0,ACTUAL
1/6/2014,7655,CCL,0,ACTUAL
1/7/2014,7655,CCL,23,ACTUAL
1/8/2014,7655,CCL,0,ACTUAL
1/9/2014,7655,CCL,0,ACTUAL
1/10/2014,7655,CCL,0,ACTUAL
1/11/2014,7655,CCL,25,ACTUAL
1/12/2014,7655,CCL,0,ACTUAL
1/13/2014,7655,CCL,0,ACTUAL
1/14/2014,7655,CCL,19,ACTUAL
1/15/2014,7655,CCL,0,ACTUAL
1/16/2014,7655,CCL,0,ACTUAL
1/17/2014,7655,CCL,0,ACTUAL
1/18/2014,7655,CCL,29,ACTUAL
1/19/2014,7655,CCL,0,ACTUAL
1/20/2014,7655,CCL,0,ACTUAL
1/21/2014,7655,CCL,19,ACTUAL
1/22/2014,7655,CCL,0,ACTUAL
1/23/2014,7655,CCL,0,ACTUAL
1/24/2014,7655,CCL,0,ACTUAL
1/25/2014,7655,CCL,29,ACTUAL
1/26/2014,7655,CCL,0,ACTUAL
1/27/2014,7655,CCL,0,ACTUAL
1/28/2014,7655,CCL,24,ACTUAL
1/29/2014,7655,CCL,0,ACTUAL
1/30/2014,7655,CCL,0,ACTUAL
1/31/2014,7655,CCL,0,ACTUAL
2/1/2014,7655,CCL,0,ACTUAL
2/2/2014,7655,CCL,10,ACTUAL
2/3/2014,7655,CCL,0,ACTUAL
2/4/2014,7655,CCL,0,ACTUAL
2/5/2014,7655,CCL,0,ACTUAL
2/6/2014,7655,CCL,0,ACTUAL
2/7/2014,7655,CCL,0,ACTUAL
2/8/2014,7655,CCL,39,ACTUAL
2/9/2014,7655,CCL,23,ACTUAL
2/10/2014,7655,CCL,0,ACTUAL
2/11/2014,7655,CCL,0,ACTUAL
2/12/2014,7655,CCL,17,ACTUAL
2/13/2014,7655,CCL,0,ACTUAL
2/14/2014,7655,CCL,0,ACTUAL
2/15/2014,7655,CCL,26,ACTUAL
2/16/2014,7655,CCL,0,ACTUAL
2/17/2014,7655,CCL,0,ACTUAL
2/18/2014,7655,CCL,27,ACTUAL
2/19/2014,7655,CCL,0,ACTUAL
2/20/2014,7655,CCL,0,ACTUAL
2/21/2014,7655,CCL,0,ACTUAL
2/22/2014,7655,CCL,21,ACTUAL
2/23/2014,7655,CCL,0,ACTUAL
2/24/2014,7655,CCL,0,ACTUAL
2/25/2014,7655,CCL,29,ACTUAL
2/26/2014,7655,CCL,0,ACTUAL
2/27/2014,7655,CCL,0,ACTUAL
2/28/2014,7655,CCL,0,ACTUAL
3/1/2014,7655,CCL,0,ACTUAL
3/2/2014,7655,CCL,0,ACTUAL
3/3/2014,7655,CCL,0,ACTUAL
3/4/2014,7655,CCL,0,ACTUAL
3/5/2014,7655,CCL,17,ACTUAL
3/6/2014,7655,CCL,17,ACTUAL
3/7/2014,7655,CCL,0,ACTUAL
3/8/2014,7655,CCL,0,ACTUAL
3/9/2014,7655,CCL,0,ACTUAL
3/10/2014,7655,CCL,0,ACTUAL
3/11/2014,7655,CCL,0,ACTUAL
3/12/2014,7655,CCL,0,ACTUAL
3/13/2014,7655,CCL,0,ACTUAL
3/14/2014,7655,CCL,0,ACTUAL
3/15/2014,7655,CCL,24,ACTUAL
3/16/2014,7655,CCL,0,ACTUAL
3/17/2014,7655,CCL,0,ACTUAL
3/18/2014,7655,CCL,16,ACTUAL
3/19/2014,7655,CCL,0,ACTUAL
3/20/2014,7655,CCL,0,ACTUAL
3/21/2014,7655,CCL,0,ACTUAL
3/22/2014,7655,CCL,26,ACTUAL
3/23/2014,7655,CCL,0,ACTUAL
3/24/2014,7655,CCL,0,ACTUAL
3/25/2014,7655,CCL,19,ACTUAL
3/26/2014,7655,CCL,0,ACTUAL
3/27/2014,7655,CCL,0,ACTUAL
3/28/2014,7655,CCL,0,ACTUAL
3/29/2014,7655,CCL,20,ACTUAL
3/30/2014,7655,CCL,0,ACTUAL
3/31/2014,7655,CCL,0,ACTUAL
4/1/2014,7655,CCL,18,ACTUAL
4/2/2014,7655,CCL,23,ACTUAL
4/3/2014,7655,CCL,22,ACTUAL
4/4/2014,7655,CCL,0,ACTUAL
4/5/2014,7655,CCL,0,ACTUAL
4/6/2014,7655,CCL,0,ACTUAL
4/7/2014,7655,CCL,0,ACTUAL
4/8/2014,7655,CCL,0,ACTUAL
4/9/2014,7655,CCL,0,ACTUAL
4/10/2014,7655,CCL,12,ACTUAL
4/11/2014,7655,CCL,19,ACTUAL
4/12/2014,7655,CCL,0,ACTUAL
4/13/2014,7655,CCL,0,ACTUAL
4/14/2014,7655,CCL,0,ACTUAL
4/15/2014,7655,CCL,23,ACTUAL
4/16/2014,7655,CCL,0,ACTUAL
4/17/2014,7655,CCL,0,ACTUAL
4/18/2014,7655,CCL,0,ACTUAL
4/19/2014,7655,CCL,39,ACTUAL
4/20/2014,7655,CCL,0,ACTUAL
4/21/2014,7655,CCL,0,ACTUAL
4/22/2014,7655,CCL,0,ACTUAL
4/23/2014,7655,CCL,0,ACTUAL
4/24/2014,7655,CCL,0,ACTUAL
4/25/2014,7655,CCL,0,ACTUAL
4/26/2014,7655,CCL,24,ACTUAL
4/27/2014,7655,CCL,0,ACTUAL
4/28/2014,7655,CCL,0,ACTUAL
4/29/2014,7655,CCL,24,ACTUAL
4/30/2014,7655,CCL,0,ACTUAL
5/1/2014,7655,CCL,0,ACTUAL
5/2/2014,7655,CCL,0,ACTUAL
5/3/2014,7655,CCL,0,ACTUAL
5/4/2014,7655,CCL,14,ACTUAL
5/5/2014,7655,CCL,0,ACTUAL
5/6/2014,7655,CCL,0,ACTUAL
5/7/2014,7655,CCL,13,ACTUAL
5/8/2014,7655,CCL,0,ACTUAL
5/9/2014,7655,CCL,0,ACTUAL
5/10/2014,7655,CCL,0,ACTUAL
5/11/2014,7655,CCL,0,ACTUAL
5/12/2014,7655,CCL,0,ACTUAL
5/13/2014,7655,CCL,0,ACTUAL
5/14/2014,7655,CCL,0,ACTUAL
5/15/2014,7655,CCL,0,ACTUAL
5/16/2014,7655,CCL,0,ACTUAL
5/17/2014,7655,CCL,17,ACTUAL
5/18/2014,7655,CCL,0,ACTUAL
5/19/2014,7655,CCL,0,ACTUAL
5/20/2014,7655,CCL,23,ACTUAL
5/21/2014,7655,CCL,0,ACTUAL
5/22/2014,7655,CCL,0,ACTUAL
5/23/2014,7655,CCL,0,ACTUAL
5/24/2014,7655,CCL,12,ACTUAL
5/25/2014,7655,CCL,0,ACTUAL
5/26/2014,7655,CCL,0,ACTUAL
5/27/2014,7655,CCL,19,ACTUAL
5/28/2014,7655,CCL,0,ACTUAL
5/29/2014,7655,CCL,0,ACTUAL
5/30/2014,7655,CCL,0,ACTUAL
5/31/2014,7655,CCL,15,ACTUAL
6/1/2014,7655,CCL,0,ACTUAL
6/2/2014,7655,CCL,0,ACTUAL
6/3/2014,7655,CCL,0,ACTUAL
6/4/2014,7655,CCL,0,ACTUAL
6/5/2014,7655,CCL,16,ACTUAL
6/6/2014,7655,CCL,0,ACTUAL
6/7/2014,7655,CCL,0,ACTUAL
6/8/2014,7655,CCL,0,ACTUAL
6/9/2014,7655,CCL,16,ACTUAL
6/10/2014,7655,CCL,0,ACTUAL
6/11/2014,7655,CCL,0,ACTUAL
6/12/2014,7655,CCL,15,ACTUAL
6/13/2014,7655,CCL,0,ACTUAL
6/14/2014,7655,CCL,17,ACTUAL
6/15/2014,7655,CCL,0,ACTUAL
6/16/2014,7655,CCL,0,ACTUAL
6/17/2014,7655,CCL,22,ACTUAL
6/18/2014,7655,CCL,0,ACTUAL
6/19/2014,7655,CCL,0,ACTUAL
6/20/2014,7655,CCL,0,ACTUAL
6/21/2014,7655,CCL,29,ACTUAL
6/22/2014,7655,CCL,0,ACTUAL
6/23/2014,7655,CCL,0,ACTUAL
6/24/2014,7655,CCL,0,ACTUAL
6/25/2014,7655,CCL,0,ACTUAL
6/26/2014,7655,CCL,0,ACTUAL
6/27/2014,7655,CCL,0,ACTUAL
6/28/2014,7655,CCL,0,ACTUAL
6/29/2014,7655,CCL,0,ACTUAL
6/30/2014,7655,CCL,0,ACTUAL
7/1/2014,7655,CCL,23,ACTUAL
7/2/2014,7655,CCL,0,ACTUAL
7/3/2014,7655,CCL,0,ACTUAL
7/4/2014,7655,CCL,0,ACTUAL
7/5/2014,7655,CCL,0,ACTUAL
7/6/2014,7655,CCL,11,ACTUAL
7/7/2014,7655,CCL,0,ACTUAL
7/8/2014,7655,CCL,0,ACTUAL
7/9/2014,7655,CCL,0,ACTUAL
7/10/2014,7655,CCL,29,ACTUAL
7/11/2014,7655,CCL,0,ACTUAL
7/12/2014,7655,CCL,0,ACTUAL
7/13/2014,7655,CCL,0,ACTUAL
7/14/2014,7655,CCL,0,ACTUAL
7/15/2014,7655,CCL,39,ACTUAL
7/16/2014,7655,CCL,0,ACTUAL
7/17/2014,7655,CCL,0,ACTUAL
7/18/2014,7655,CCL,0,ACTUAL
7/19/2014,7655,CCL,0,ACTUAL
7/20/2014,7655,CCL,0,ACTUAL
7/21/2014,7655,CCL,0,ACTUAL
7/22/2014,7655,CCL,16,ACTUAL
7/23/2014,7655,CCL,0,ACTUAL
7/24/2014,7655,CCL,0,ACTUAL
7/25/2014,7655,CCL,0,ACTUAL
7/26/2014,7655,CCL,20,ACTUAL
7/27/2014,7655,CCL,0,ACTUAL
7/28/2014,7655,CCL,0,ACTUAL
7/29/2014,7655,CCL,5,ACTUAL
7/30/2014,7655,CCL,0,ACTUAL
7/31/2014,7655,CCL,0,ACTUAL
8/1/2014,7655,CCL,0,ACTUAL
8/2/2014,7655,CCL,17,ACTUAL
8/3/2014,7655,CCL,16,ACTUAL
8/4/2014,7655,CCL,20,ACTUAL
8/5/2014,7655,CCL,0,ACTUAL
8/6/2014,7655,CCL,0,ACTUAL
8/7/2014,7655,CCL,23,ACTUAL
8/8/2014,7655,CCL,0,ACTUAL
8/9/2014,7655,CCL,0,ACTUAL
8/10/2014,7655,CCL,0,ACTUAL
8/11/2014,7655,CCL,24,ACTUAL
8/12/2014,7655,CCL,0,ACTUAL
8/13/2014,7655,CCL,0,ACTUAL
8/14/2014,7655,CCL,0,ACTUAL
8/15/2014,7655,CCL,0,ACTUAL
8/16/2014,7655,CCL,17,ACTUAL
8/17/2014,7655,CCL,0,ACTUAL
8/18/2014,7655,CCL,0,ACTUAL
8/19/2014,7655,CCL,20,ACTUAL
8/20/2014,7655,CCL,0,ACTUAL
8/21/2014,7655,CCL,0,ACTUAL
8/22/2014,7655,CCL,0,ACTUAL
8/23/2014,7655,CCL,24,ACTUAL
8/24/2014,7655,CCL,0,ACTUAL
8/25/2014,7655,CCL,0,ACTUAL
8/26/2014,7655,CCL,23,ACTUAL
8/27/2014,7655,CCL,0,ACTUAL
8/28/2014,7655,CCL,0,ACTUAL
8/29/2014,7655,CCL,0,ACTUAL
8/30/2014,7655,CCL,13,ACTUAL
8/31/2014,7655,CCL,0,ACTUAL
9/1/2014,7655,CCL,0,ACTUAL
9/2/2014,7655,CCL,0,ACTUAL
9/3/2014,7655,CCL,0,ACTUAL
9/4/2014,7655,CCL,0,ACTUAL
9/5/2014,7655,CCL,0,ACTUAL
9/6/2014,7655,CCL,0,ACTUAL
9/7/2014,7655,CCL,0,ACTUAL
9/8/2014,7655,CCL,29,ACTUAL
9/9/2014,7655,CCL,23,ACTUAL
9/10/2014,7655,CCL,0,ACTUAL
9/11/2014,7655,CCL,0,ACTUAL
9/12/2014,7655,CCL,23,ACTUAL
9/13/2014,7655,CCL,21,ACTUAL
9/14/2014,7655,CCL,0,ACTUAL
9/15/2014,7655,CCL,0,ACTUAL
9/16/2014,7655,CCL,30,ACTUAL
9/17/2014,7655,CCL,0,ACTUAL
9/18/2014,7655,CCL,0,ACTUAL
9/19/2014,7655,CCL,0,ACTUAL
9/20/2014,7655,CCL,16,ACTUAL
9/21/2014,7655,CCL,0,ACTUAL
9/22/2014,7655,CCL,0,ACTUAL
9/23/2014,7655,CCL,30,ACTUAL
9/24/2014,7655,CCL,0,ACTUAL
9/25/2014,7655,CCL,0,ACTUAL
9/26/2014,7655,CCL,0,ACTUAL
9/27/2014,7655,CCL,20,ACTUAL
9/28/2014,7655,CCL,0,ACTUAL
9/29/2014,7655,CCL,0,ACTUAL
9/30/2014,7655,CCL,19,ACTUAL
10/1/2014,7655,CCL,0,ACTUAL
10/2/2014,7655,CCL,0,ACTUAL
10/3/2014,7655,CCL,0,ACTUAL
10/4/2014,7655,CCL,0,ACTUAL
10/5/2014,7655,CCL,16,ACTUAL
10/6/2014,7655,CCL,20,ACTUAL
10/7/2014,7655,CCL,0,ACTUAL
10/8/2014,7655,CCL,0,ACTUAL
10/9/2014,7655,CCL,0,ACTUAL
10/10/2014,7655,CCL,0,ACTUAL
10/11/2014,7655,CCL,0,ACTUAL
10/12/2014,7655,CCL,0,ACTUAL
10/13/2014,7655,CCL,0,ACTUAL
10/14/2014,7655,CCL,23,ACTUAL
10/15/2014,7655,CCL,0,ACTUAL
10/16/2014,7655,CCL,0,ACTUAL
10/17/2014,7655,CCL,0,ACTUAL
10/18/2014,7655,CCL,21,ACTUAL
10/19/2014,7655,CCL,0,ACTUAL
10/20/2014,7655,CCL,0,ACTUAL
10/21/2014,7655,CCL,20,ACTUAL
10/22/2014,7655,CCL,0,ACTUAL
10/23/2014,7655,CCL,0,ACTUAL
10/24/2014,7655,CCL,0,ACTUAL
10/25/2014,7655,CCL,19,ACTUAL
10/26/2014,7655,CCL,0,ACTUAL
10/27/2014,7655,CCL,0,ACTUAL
10/28/2014,7655,CCL,27,ACTUAL
10/29/2014,7655,CCL,0,ACTUAL
10/30/2014,7655,CCL,0,ACTUAL
10/31/2014,7655,CCL,0,ACTUAL
11/1/2014,7655,CCL,29,ACTUAL
11/2/2014,7655,CCL,19,ACTUAL
11/3/2014,7655,CCL,20,ACTUAL
11/4/2014,7655,CCL,0,ACTUAL
11/5/2014,7655,CCL,0,ACTUAL
11/6/2014,7655,CCL,0,ACTUAL
11/7/2014,7655,CCL,0,ACTUAL
11/8/2014,7655,CCL,0,ACTUAL
11/9/2014,7655,CCL,0,ACTUAL
11/10/2014,7655,CCL,17,ACTUAL
11/11/2014,7655,CCL,23,ACTUAL
11/12/2014,7655,CCL,0,ACTUAL
11/13/2014,7655,CCL,0,ACTUAL
11/14/2014,7655,CCL,0,ACTUAL
11/15/2014,7655,CCL,13,ACTUAL
11/16/2014,7655,CCL,0,ACTUAL
11/17/2014,7655,CCL,0,ACTUAL
11/18/2014,7655,CCL,16,ACTUAL
11/19/2014,7655,CCL,0,ACTUAL
11/20/2014,7655,CCL,0,ACTUAL
11/21/2014,7655,CCL,0,ACTUAL
11/22/2014,7655,CCL,21,ACTUAL
11/23/2014,7655,CCL,0,ACTUAL
11/24/2014,7655,CCL,0,ACTUAL
11/25/2014,7655,CCL,24,ACTUAL
11/26/2014,7655,CCL,0,ACTUAL
11/27/2014,7655,CCL,0,ACTUAL
11/28/2014,7655,CCL,0,ACTUAL
11/29/2014,7655,CCL,18,ACTUAL
11/30/2014,7655,CCL,0,ACTUAL
12/1/2014,7655,CCL,0,ACTUAL
12/2/2014,7655,CCL,0,ACTUAL
12/3/2014,7655,CCL,0,ACTUAL
12/4/2014,7655,CCL,29,ACTUAL
12/5/2014,7655,CCL,0,ACTUAL
12/6/2014,7655,CCL,0,ACTUAL
12/7/2014,7655,CCL,24,ACTUAL
12/8/2014,7655,CCL,18,ACTUAL
12/9/2014,7655,CCL,0,ACTUAL
12/10/2014,7655,CCL,0,ACTUAL
12/11/2014,7655,CCL,0,ACTUAL
12/12/2014,7655,CCL,0,ACTUAL
12/13/2014,7655,CCL,15,ACTUAL
12/14/2014,7655,CCL,0,ACTUAL
12/15/2014,7655,CCL,0,ACTUAL
12/16/2014,7655,CCL,17,ACTUAL
12/17/2014,7655,CCL,0,ACTUAL
12/18/2014,7655,CCL,0,ACTUAL
12/19/2014,7655,CCL,0,ACTUAL
12/20/2014,7655,CCL,15,ACTUAL
12/21/2014,7655,CCL,0,ACTUAL
12/22/2014,7655,CCL,0,ACTUAL
12/23/2014,7655,CCL,13,ACTUAL
12/24/2014,7655,CCL,0,ACTUAL
12/25/2014,7655,CCL,0,ACTUAL
12/26/2014,7655,CCL,0,ACTUAL
12/27/2014,7655,CCL,12,ACTUAL
12/28/2014,7655,CCL,0,ACTUAL
12/29/2014,7655,CCL,0,ACTUAL
12/30/2014,7655,CCL,24,ACTUAL
12/31/2014,7655,CCL,0,ACTUAL
1/1/2015,7655,CCL,0,ACTUAL
1/2/2015,7655,CCL,0,ACTUAL
1/3/2015,7655,CCL,0,ACTUAL
1/4/2015,7655,CCL,0,ACTUAL
1/5/2015,7655,CCL,0,ACTUAL
1/6/2015,7655,CCL,0,ACTUAL
1/7/2015,7655,CCL,0,ACTUAL
1/8/2015,7655,CCL,25,ACTUAL
1/9/2015,7655,CCL,19,ACTUAL
1/10/2015,7655,CCL,0,ACTUAL
1/11/2015,7655,CCL,0,ACTUAL
1/12/2015,7655,CCL,17,ACTUAL
1/13/2015,7655,CCL,20,ACTUAL
1/14/2015,7655,CCL,0,ACTUAL
1/15/2015,7655,CCL,0,ACTUAL
1/16/2015,7655,CCL,0,ACTUAL
1/17/2015,7655,CCL,19,ACTUAL
1/18/2015,7655,CCL,0,ACTUAL
1/19/2015,7655,CCL,0,ACTUAL
1/20/2015,7655,CCL,28,ACTUAL
1/21/2015,7655,CCL,0,ACTUAL
1/22/2015,7655,CCL,0,ACTUAL
1/23/2015,7655,CCL,0,ACTUAL
1/24/2015,7655,CCL,37,ACTUAL
1/25/2015,7655,CCL,0,ACTUAL
1/26/2015,7655,CCL,0,ACTUAL
1/27/2015,7655,CCL,23,ACTUAL
1/28/2015,7655,CCL,0,ACTUAL
1/29/2015,7655,CCL,0,ACTUAL
1/30/2015,7655,CCL,0,ACTUAL
1/31/2015,7655,CCL,30,ACTUAL
2/1/2015,7655,CCL,0,ACTUAL
2/2/2015,7655,CCL,0,ACTUAL
2/3/2015,7655,CCL,0,ACTUAL
2/4/2015,7655,CCL,0,ACTUAL
2/5/2015,7655,CCL,0,ACTUAL
2/6/2015,7655,CCL,23,ACTUAL
2/7/2015,7655,CCL,0,ACTUAL
2/8/2015,7655,CCL,0,ACTUAL
2/9/2015,7655,CCL,0,ACTUAL
2/10/2015,7655,CCL,0,ACTUAL
2/11/2015,7655,CCL,0,ACTUAL
2/12/2015,7655,CCL,0,ACTUAL
2/13/2015,7655,CCL,0,ACTUAL
2/14/2015,7655,CCL,16,ACTUAL
2/15/2015,7655,CCL,0,ACTUAL
2/16/2015,7655,CCL,0,ACTUAL
2/17/2015,7655,CCL,16,ACTUAL
2/18/2015,7655,CCL,0,ACTUAL
2/19/2015,7655,CCL,0,ACTUAL
2/20/2015,7655,CCL,0,ACTUAL
2/21/2015,7655,CCL,14,ACTUAL
2/22/2015,7655,CCL,0,ACTUAL
2/23/2015,7655,CCL,0,ACTUAL
2/24/2015,7655,CCL,18,ACTUAL
2/25/2015,7655,CCL,0,ACTUAL
2/26/2015,7655,CCL,0,ACTUAL
2/27/2015,7655,CCL,0,ACTUAL
2/28/2015,7655,CCL,24,ACTUAL
3/1/2015,7655,CCL,19,ACTUAL
3/2/2015,7655,CCL,19,ACTUAL
3/3/2015,7655,CCL,20,ACTUAL
3/4/2015,7655,CCL,0,ACTUAL
3/5/2015,7655,CCL,0,ACTUAL
3/6/2015,7655,CCL,0,ACTUAL
3/7/2015,7655,CCL,0,ACTUAL
3/8/2015,7655,CCL,0,ACTUAL
3/9/2015,7655,CCL,0,ACTUAL
3/10/2015,7655,CCL,19,ACTUAL
3/11/2015,7655,CCL,20,ACTUAL
3/12/2015,7655,CCL,0,ACTUAL
3/13/2015,7655,CCL,0,ACTUAL
3/14/2015,7655,CCL,20,ACTUAL
3/15/2015,7655,CCL,0,ACTUAL
3/16/2015,7655,CCL,0,ACTUAL
3/17/2015,7655,CCL,29,ACTUAL
3/18/2015,7655,CCL,0,ACTUAL
3/19/2015,7655,CCL,0,ACTUAL
3/20/2015,7655,CCL,0,ACTUAL
3/21/2015,7655,CCL,0,ACTUAL
3/22/2015,7655,CCL,0,ACTUAL
3/23/2015,7655,CCL,0,ACTUAL
3/24/2015,7655,CCL,16,ACTUAL
3/25/2015,7655,CCL,0,ACTUAL
3/26/2015,7655,CCL,0,ACTUAL
3/27/2015,7655,CCL,0,ACTUAL
3/28/2015,7655,CCL,19,ACTUAL
3/29/2015,7655,CCL,0,ACTUAL
3/30/2015,7655,CCL,0,ACTUAL
3/31/2015,7655,CCL,26,ACTUAL
4/1/2015,7655,CCL,0,ACTUAL
4/2/2015,7655,CCL,0,ACTUAL
4/3/2015,7655,CCL,0,ACTUAL
4/4/2015,7655,CCL,13,ACTUAL
4/5/2015,7655,CCL,0,ACTUAL
4/6/2015,7655,CCL,0,ACTUAL
4/7/2015,7655,CCL,23,ACTUAL
4/8/2015,7655,CCL,18,ACTUAL
4/9/2015,7655,CCL,0,ACTUAL
4/10/2015,7655,CCL,0,ACTUAL
4/11/2015,7655,CCL,0,ACTUAL
4/12/2015,7655,CCL,0,ACTUAL
4/13/2015,7655,CCL,0,ACTUAL
4/14/2015,7655,CCL,23,ACTUAL
4/15/2015,7655,CCL,0,ACTUAL
4/16/2015,7655,CCL,0,ACTUAL
4/17/2015,7655,CCL,0,ACTUAL
4/18/2015,7655,CCL,25,ACTUAL
4/19/2015,7655,CCL,0,ACTUAL
4/20/2015,7655,CCL,0,ACTUAL
4/21/2015,7655,CCL,13,ACTUAL
4/22/2015,7655,CCL,0,ACTUAL
4/23/2015,7655,CCL,0,ACTUAL
4/24/2015,7655,CCL,0,ACTUAL
4/25/2015,7655,CCL,15,ACTUAL
4/26/2015,7655,CCL,0,ACTUAL
4/27/2015,7655,CCL,0,ACTUAL
4/28/2015,7655,CCL,36,ACTUAL
4/29/2015,7655,CCL,0,ACTUAL
4/30/2015,7655,CCL,0,ACTUAL
5/1/2015,7655,CCL,0,ACTUAL
5/2/2015,7655,CCL,0,ACTUAL
5/3/2015,7655,CCL,0,ACTUAL
5/4/2015,7655,CCL,0,ACTUAL
5/5/2015,7655,CCL,0,ACTUAL
5/6/2015,7655,CCL,0,ACTUAL
5/7/2015,7655,CCL,0,ACTUAL
5/8/2015,7655,CCL,0,ACTUAL
5/9/2015,7655,CCL,26,ACTUAL
5/10/2015,7655,CCL,0,ACTUAL
5/11/2015,7655,CCL,0,ACTUAL
5/12/2015,7655,CCL,20,ACTUAL
5/13/2015,7655,CCL,0,ACTUAL
5/14/2015,7655,CCL,0,ACTUAL
5/15/2015,7655,CCL,0,ACTUAL
5/16/2015,7655,CCL,25,ACTUAL
5/17/2015,7655,CCL,0,ACTUAL
5/18/2015,7655,CCL,0,ACTUAL
5/19/2015,7655,CCL,19,ACTUAL
5/20/2015,7655,CCL,0,ACTUAL
5/21/2015,7655,CCL,0,ACTUAL
5/22/2015,7655,CCL,0,ACTUAL
5/23/2015,7655,CCL,13,ACTUAL
5/24/2015,7655,CCL,0,ACTUAL
5/25/2015,7655,CCL,0,ACTUAL
5/26/2015,7655,CCL,13,ACTUAL
5/27/2015,7655,CCL,0,ACTUAL
5/28/2015,7655,CCL,0,ACTUAL
5/29/2015,7655,CCL,0,ACTUAL
5/30/2015,7655,CCL,14,ACTUAL
5/31/2015,7655,CCL,0,ACTUAL
6/1/2015,7655,CCL,14,ACTUAL
6/2/2015,7655,CCL,0,ACTUAL
6/3/2015,7655,CCL,0,ACTUAL
6/4/2015,7655,CCL,0,ACTUAL
6/5/2015,7655,CCL,0,ACTUAL
6/6/2015,7655,CCL,9,ACTUAL
6/7/2015,7655,CCL,0,ACTUAL
6/8/2015,7655,CCL,0,ACTUAL
6/9/2015,7655,CCL,0,ACTUAL
6/10/2015,7655,CCL,22,ACTUAL
6/11/2015,7655,CCL,0,ACTUAL
6/12/2015,7655,CCL,0,ACTUAL
6/13/2015,7655,CCL,24,ACTUAL
6/14/2015,7655,CCL,0,ACTUAL
6/15/2015,7655,CCL,0,ACTUAL
6/16/2015,7655,CCL,20,ACTUAL
6/17/2015,7655,CCL,0,ACTUAL
6/18/2015,7655,CCL,0,ACTUAL
6/19/2015,7655,CCL,0,ACTUAL
6/20/2015,7655,CCL,12,ACTUAL
6/21/2015,7655,CCL,0,ACTUAL
6/22/2015,7655,CCL,0,ACTUAL
6/23/2015,7655,CCL,20,ACTUAL
6/24/2015,7655,CCL,0,ACTUAL
6/25/2015,7655,CCL,0,ACTUAL
6/26/2015,7655,CCL,0,ACTUAL
6/27/2015,7655,CCL,14,ACTUAL
6/28/2015,7655,CCL,0,ACTUAL
6/29/2015,7655,CCL,0,ACTUAL
6/30/2015,7655,CCL,19,ACTUAL
7/1/2015,7655,CCL,0,ACTUAL
7/2/2015,7655,CCL,15,ACTUAL
7/3/2015,7655,CCL,25,ACTUAL
7/4/2015,7655,CCL,17,ACTUAL
7/5/2015,7655,CCL,0,ACTUAL
7/6/2015,7655,CCL,0,ACTUAL
7/7/2015,7655,CCL,13,ACTUAL
7/8/2015,7655,CCL,0,ACTUAL
7/9/2015,7655,CCL,0,ACTUAL
7/10/2015,7655,CCL,0,ACTUAL
7/11/2015,7655,CCL,12,ACTUAL
7/12/2015,7655,CCL,0,ACTUAL
7/13/2015,7655,CCL,0,ACTUAL
7/14/2015,7655,CCL,23,ACTUAL
7/15/2015,7655,CCL,0,ACTUAL
7/16/2015,7655,CCL,0,ACTUAL
7/17/2015,7655,CCL,0,ACTUAL
7/18/2015,7655,CCL,24,ACTUAL
7/19/2015,7655,CCL,0,ACTUAL
7/20/2015,7655,CCL,0,ACTUAL
7/21/2015,7655,CCL,30,ACTUAL
7/22/2015,7655,CCL,0,ACTUAL
7/23/2015,7655,CCL,0,ACTUAL
7/24/2015,7655,CCL,0,ACTUAL
7/25/2015,7655,CCL,25,ACTUAL
7/26/2015,7655,CCL,0,ACTUAL
7/27/2015,7655,CCL,0,ACTUAL
7/28/2015,7655,CCL,16,ACTUAL
7/29/2015,7655,CCL,0,ACTUAL
7/30/2015,7655,CCL,0,ACTUAL
7/31/2015,7655,CCL,0,ACTUAL
8/1/2015,7655,CCL,0,ACTUAL
8/2/2015,7655,CCL,0,ACTUAL
8/3/2015,7655,CCL,0,ACTUAL
8/4/2015,7655,CCL,0,ACTUAL
8/5/2015,7655,CCL,0,ACTUAL
8/6/2015,7655,CCL,0,ACTUAL
8/7/2015,7655,CCL,0,ACTUAL
8/8/2015,7655,CCL,11,ACTUAL
8/9/2015,7655,CCL,24,ACTUAL
8/10/2015,7655,CCL,0,ACTUAL
8/11/2015,7655,CCL,0,ACTUAL
8/12/2015,7655,CCL,6,ACTUAL
8/13/2015,7655,CCL,0,ACTUAL
8/14/2015,7655,CCL,0,ACTUAL
8/15/2015,7655,CCL,21,ACTUAL
8/16/2015,7655,CCL,0,ACTUAL
8/17/2015,7655,CCL,0,ACTUAL
8/18/2015,7655,CCL,17,ACTUAL
8/19/2015,7655,CCL,0,ACTUAL
8/20/2015,7655,CCL,0,ACTUAL
8/21/2015,7655,CCL,0,ACTUAL
8/22/2015,7655,CCL,17,ACTUAL
8/23/2015,7655,CCL,0,ACTUAL
8/24/2015,7655,CCL,0,ACTUAL
8/25/2015,7655,CCL,26,ACTUAL
8/26/2015,7655,CCL,0,ACTUAL
8/27/2015,7655,CCL,0,ACTUAL
8/28/2015,7655,CCL,0,ACTUAL
8/29/2015,7655,CCL,15,ACTUAL
8/30/2015,7655,CCL,0,ACTUAL
8/31/2015,7655,CCL,0,ACTUAL
9/1/2015,7655,CCL,0,ACTUAL
9/2/2015,7655,CCL,0,ACTUAL
9/3/2015,7655,CCL,0,ACTUAL
9/4/2015,7655,CCL,0,ACTUAL
9/5/2015,7655,CCL,0,ACTUAL
9/6/2015,7655,CCL,13,ACTUAL
9/7/2015,7655,CCL,0,ACTUAL
9/8/2015,7655,CCL,0,ACTUAL
9/9/2015,7655,CCL,0,ACTUAL
9/10/2015,7655,CCL,0,ACTUAL
9/11/2015,7655,CCL,0,ACTUAL
9/12/2015,7655,CCL,0,ACTUAL
9/13/2015,7655,CCL,0,ACTUAL
9/14/2015,7655,CCL,0,ACTUAL
9/15/2015,7655,CCL,23,ACTUAL
9/16/2015,7655,CCL,0,ACTUAL
9/17/2015,7655,CCL,0,ACTUAL
9/18/2015,7655,CCL,0,ACTUAL
9/19/2015,7655,CCL,18,ACTUAL
9/20/2015,7655,CCL,0,ACTUAL
9/21/2015,7655,CCL,0,ACTUAL
9/22/2015,7655,CCL,21,ACTUAL
9/23/2015,7655,CCL,0,ACTUAL
9/24/2015,7655,CCL,0,ACTUAL
9/25/2015,7655,CCL,0,ACTUAL
9/26/2015,7655,CCL,25,ACTUAL
9/27/2015,7655,CCL,0,ACTUAL
9/28/2015,7655,CCL,0,ACTUAL
9/29/2015,7655,CCL,21,ACTUAL
9/30/2015,7655,CCL,0,ACTUAL
10/1/2015,7655,CCL,12,ACTUAL
10/2/2015,7655,CCL,23,ACTUAL
10/3/2015,7655,CCL,25,ACTUAL
10/4/2015,7655,CCL,0,ACTUAL
10/5/2015,7655,CCL,0,ACTUAL
10/6/2015,7655,CCL,0,ACTUAL
10/7/2015,7655,CCL,0,ACTUAL
10/8/2015,7655,CCL,0,ACTUAL
10/9/2015,7655,CCL,0,ACTUAL
10/10/2015,7655,CCL,21,ACTUAL
10/11/2015,7655,CCL,23,ACTUAL
10/12/2015,7655,CCL,0,ACTUAL
10/13/2015,7655,CCL,28,ACTUAL
10/14/2015,7655,CCL,0,ACTUAL
10/15/2015,7655,CCL,0,ACTUAL
10/16/2015,7655,CCL,0,ACTUAL
10/17/2015,7655,CCL,22,ACTUAL
10/18/2015,7655,CCL,0,ACTUAL
10/19/2015,7655,CCL,0,ACTUAL
10/20/2015,7655,CCL,15,ACTUAL
10/21/2015,7655,CCL,0,ACTUAL
10/22/2015,7655,CCL,0,ACTUAL
10/23/2015,7655,CCL,0,ACTUAL
10/24/2015,7655,CCL,17,ACTUAL
10/25/2015,7655,CCL,0,ACTUAL
10/26/2015,7655,CCL,0,ACTUAL
10/27/2015,7655,CCL,19,ACTUAL
10/28/2015,7655,CCL,0,ACTUAL
10/29/2015,7655,CCL,0,ACTUAL
10/30/2015,7655,CCL,0,ACTUAL
10/31/2015,7655,CCL,16,ACTUAL
11/1/2015,7655,CCL,0,ACTUAL
11/2/2015,7655,CCL,0,ACTUAL
11/3/2015,7655,CCL,0,ACTUAL
11/4/2015,7655,CCL,18,ACTUAL
11/5/2015,7655,CCL,0,ACTUAL
11/6/2015,7655,CCL,0,ACTUAL
11/7/2015,7655,CCL,11,ACTUAL
11/8/2015,7655,CCL,24,ACTUAL
11/9/2015,7655,CCL,0,ACTUAL
11/10/2015,7655,CCL,0,ACTUAL
11/11/2015,7655,CCL,0,ACTUAL
11/12/2015,7655,CCL,0,ACTUAL
11/13/2015,7655,CCL,0,ACTUAL
11/14/2015,7655,CCL,27,ACTUAL
11/15/2015,7655,CCL,0,ACTUAL
11/16/2015,7655,CCL,0,ACTUAL
11/17/2015,7655,CCL,13,ACTUAL
11/18/2015,7655,CCL,0,ACTUAL
11/19/2015,7655,CCL,0,ACTUAL
11/20/2015,7655,CCL,0,ACTUAL
11/21/2015,7655,CCL,39,ACTUAL
11/22/2015,7655,CCL,0,ACTUAL
11/23/2015,7655,CCL,0,ACTUAL
11/24/2015,7655,CCL,0,ACTUAL
11/25/2015,7655,CCL,0,ACTUAL
11/26/2015,7655,CCL,0,ACTUAL
11/27/2015,7655,CCL,0,ACTUAL
11/28/2015,7655,CCL,16,ACTUAL
11/29/2015,7655,CCL,0,ACTUAL
11/30/2015,7655,CCL,0,ACTUAL
12/1/2015,7655,CCL,0,ACTUAL
12/2/2015,7655,CCL,0,ACTUAL
12/3/2015,7655,CCL,0,ACTUAL
12/4/2015,7655,CCL,0,ACTUAL
12/5/2015,7655,CCL,23,ACTUAL
12/6/2015,7655,CCL,0,ACTUAL
12/7/2015,7655,CCL,0,ACTUAL
12/8/2015,7655,CCL,0,ACTUAL
12/9/2015,7655,CCL,20,ACTUAL
12/10/2015,7655,CCL,0,ACTUAL
12/11/2015,7655,CCL,0,ACTUAL
12/12/2015,7655,CCL,0,ACTUAL
12/13/2015,7655,CCL,0,ACTUAL
12/14/2015,7655,CCL,0,ACTUAL
12/15/2015,7655,CCL,40,ACTUAL
12/16/2015,7655,CCL,0,ACTUAL
12/17/2015,7655,CCL,0,ACTUAL
12/18/2015,7655,CCL,0,ACTUAL
12/19/2015,7655,CCL,19,ACTUAL
12/20/2015,7655,CCL,0,ACTUAL
12/21/2015,7655,CCL,0,ACTUAL
12/22/2015,7655,CCL,11,ACTUAL
12/23/2015,7655,CCL,0,ACTUAL
12/24/2015,7655,CCL,0,ACTUAL
12/25/2015,7655,CCL,0,ACTUAL
12/26/2015,7655,CCL,8,ACTUAL
12/27/2015,7655,CCL,0,ACTUAL
12/28/2015,7655,CCL,0,ACTUAL
12/29/2015,7655,CCL,0,ACTUAL
12/30/2015,7655,CCL,0,ACTUAL
12/31/2015,7655,CCL,0,ACTUAL
1/1/2016,7655,CCL,0,ACTUAL
1/2/2016,7655,CCL,0,ACTUAL
1/3/2016,7655,CCL,23,ACTUAL
1/4/2016,7655,CCL,0,ACTUAL
1/5/2016,7655,CCL,0,ACTUAL
1/6/2016,7655,CCL,0,ACTUAL
1/7/2016,7655,CCL,0,ACTUAL
1/8/2016,7655,CCL,0,ACTUAL
1/9/2016,7655,CCL,0,ACTUAL
1/10/2016,7655,CCL,30,ACTUAL
1/11/2016,7655,CCL,6,ACTUAL
1/12/2016,7655,CCL,0,ACTUAL
1/13/2016,7655,CCL,0,ACTUAL
1/14/2016,7655,CCL,0,ACTUAL
1/3/2014,2275,CRCH,6,ACTUAL
1/4/2014,2275,CRCH,8,ACTUAL
1/5/2014,2275,CRCH,10,ACTUAL
1/6/2014,2275,CRCH,0,ACTUAL
1/7/2014,2275,CRCH,19,ACTUAL
1/8/2014,2275,CRCH,0,ACTUAL
1/9/2014,2275,CRCH,0,ACTUAL
1/10/2014,2275,CRCH,0,ACTUAL
1/11/2014,2275,CRCH,1,ACTUAL
1/12/2014,2275,CRCH,0,ACTUAL
1/13/2014,2275,CRCH,0,ACTUAL
1/14/2014,2275,CRCH,19,ACTUAL
1/15/2014,2275,CRCH,0,ACTUAL
1/16/2014,2275,CRCH,4,ACTUAL
1/17/2014,2275,CRCH,0,ACTUAL
1/18/2014,2275,CRCH,19,ACTUAL
1/19/2014,2275,CRCH,0,ACTUAL
1/20/2014,2275,CRCH,0,ACTUAL
1/21/2014,2275,CRCH,19,ACTUAL
1/22/2014,2275,CRCH,0,ACTUAL
1/23/2014,2275,CRCH,0,ACTUAL
1/24/2014,2275,CRCH,0,ACTUAL
1/25/2014,2275,CRCH,6,ACTUAL
1/26/2014,2275,CRCH,0,ACTUAL
1/27/2014,2275,CRCH,0,ACTUAL
1/28/2014,2275,CRCH,24,ACTUAL
1/29/2014,2275,CRCH,0,ACTUAL
1/30/2014,2275,CRCH,19,ACTUAL
1/31/2014,2275,CRCH,0,ACTUAL
2/1/2014,2275,CRCH,9,ACTUAL
2/2/2014,2275,CRCH,0,ACTUAL
2/3/2014,2275,CRCH,0,ACTUAL
2/4/2014,2275,CRCH,0,ACTUAL
2/5/2014,2275,CRCH,0,ACTUAL
2/6/2014,2275,CRCH,0,ACTUAL
2/7/2014,2275,CRCH,0,ACTUAL
2/8/2014,2275,CRCH,24,ACTUAL
2/9/2014,2275,CRCH,0,ACTUAL
2/10/2014,2275,CRCH,10,ACTUAL
2/11/2014,2275,CRCH,0,ACTUAL
2/12/2014,2275,CRCH,2,ACTUAL
2/13/2014,2275,CRCH,7,ACTUAL
2/14/2014,2275,CRCH,0,ACTUAL
2/15/2014,2275,CRCH,19,ACTUAL
2/16/2014,2275,CRCH,0,ACTUAL
2/17/2014,2275,CRCH,0,ACTUAL
2/18/2014,2275,CRCH,3,ACTUAL
2/19/2014,2275,CRCH,0,ACTUAL
2/20/2014,2275,CRCH,3,ACTUAL
2/21/2014,2275,CRCH,0,ACTUAL
2/22/2014,2275,CRCH,19,ACTUAL
2/23/2014,2275,CRCH,0,ACTUAL
2/24/2014,2275,CRCH,0,ACTUAL
2/25/2014,2275,CRCH,6,ACTUAL
2/26/2014,2275,CRCH,0,ACTUAL
2/27/2014,2275,CRCH,8,ACTUAL
2/28/2014,2275,CRCH,0,ACTUAL
3/1/2014,2275,CRCH,0,ACTUAL
3/2/2014,2275,CRCH,0,ACTUAL
3/3/2014,2275,CRCH,0,ACTUAL
3/4/2014,2275,CRCH,14,ACTUAL
3/5/2014,2275,CRCH,2,ACTUAL
3/6/2014,2275,CRCH,24,ACTUAL
3/7/2014,2275,CRCH,0,ACTUAL
3/8/2014,2275,CRCH,0,ACTUAL
3/9/2014,2275,CRCH,0,ACTUAL
3/10/2014,2275,CRCH,0,ACTUAL
3/11/2014,2275,CRCH,0,ACTUAL
3/12/2014,2275,CRCH,0,ACTUAL
3/13/2014,2275,CRCH,0,ACTUAL
3/14/2014,2275,CRCH,0,ACTUAL
3/15/2014,2275,CRCH,4,ACTUAL
3/16/2014,2275,CRCH,0,ACTUAL
3/17/2014,2275,CRCH,0,ACTUAL
3/18/2014,2275,CRCH,12,ACTUAL
3/19/2014,2275,CRCH,0,ACTUAL
3/20/2014,2275,CRCH,12,ACTUAL
3/21/2014,2275,CRCH,0,ACTUAL
3/22/2014,2275,CRCH,15,ACTUAL
3/23/2014,2275,CRCH,0,ACTUAL
3/24/2014,2275,CRCH,0,ACTUAL
3/25/2014,2275,CRCH,19,ACTUAL
3/26/2014,2275,CRCH,0,ACTUAL
3/27/2014,2275,CRCH,0,ACTUAL
3/28/2014,2275,CRCH,0,ACTUAL
3/29/2014,2275,CRCH,11,ACTUAL
3/30/2014,2275,CRCH,0,ACTUAL
3/31/2014,2275,CRCH,0,ACTUAL
4/1/2014,2275,CRCH,19,ACTUAL
4/2/2014,2275,CRCH,19,ACTUAL
4/3/2014,2275,CRCH,4,ACTUAL
4/4/2014,2275,CRCH,0,ACTUAL
4/5/2014,2275,CRCH,0,ACTUAL
4/6/2014,2275,CRCH,0,ACTUAL
4/7/2014,2275,CRCH,0,ACTUAL
4/8/2014,2275,CRCH,0,ACTUAL
4/9/2014,2275,CRCH,11,ACTUAL
4/10/2014,2275,CRCH,5,ACTUAL
4/11/2014,2275,CRCH,6,ACTUAL
4/12/2014,2275,CRCH,10,ACTUAL
4/13/2014,2275,CRCH,0,ACTUAL
4/14/2014,2275,CRCH,0,ACTUAL
4/15/2014,2275,CRCH,8,ACTUAL
4/16/2014,2275,CRCH,0,ACTUAL
4/17/2014,2275,CRCH,10,ACTUAL
4/18/2014,2275,CRCH,0,ACTUAL
4/19/2014,2275,CRCH,1,ACTUAL
4/20/2014,2275,CRCH,0,ACTUAL
4/21/2014,2275,CRCH,0,ACTUAL
4/22/2014,2275,CRCH,7,ACTUAL
4/23/2014,2275,CRCH,0,ACTUAL
4/24/2014,2275,CRCH,19,ACTUAL
4/25/2014,2275,CRCH,0,ACTUAL
4/26/2014,2275,CRCH,7,ACTUAL
4/27/2014,2275,CRCH,0,ACTUAL
4/28/2014,2275,CRCH,0,ACTUAL
4/29/2014,2275,CRCH,11,ACTUAL
4/30/2014,2275,CRCH,0,ACTUAL
5/1/2014,2275,CRCH,0,ACTUAL
5/2/2014,2275,CRCH,0,ACTUAL
5/3/2014,2275,CRCH,0,ACTUAL
5/4/2014,2275,CRCH,14,ACTUAL
5/5/2014,2275,CRCH,0,ACTUAL
5/6/2014,2275,CRCH,8,ACTUAL
5/7/2014,2275,CRCH,9,ACTUAL
5/8/2014,2275,CRCH,0,ACTUAL
5/9/2014,2275,CRCH,0,ACTUAL
5/10/2014,2275,CRCH,0,ACTUAL
5/11/2014,2275,CRCH,0,ACTUAL
5/12/2014,2275,CRCH,0,ACTUAL
5/13/2014,2275,CRCH,0,ACTUAL
5/14/2014,2275,CRCH,0,ACTUAL
5/15/2014,2275,CRCH,9,ACTUAL
5/16/2014,2275,CRCH,0,ACTUAL
5/17/2014,2275,CRCH,13,ACTUAL
5/18/2014,2275,CRCH,0,ACTUAL
5/19/2014,2275,CRCH,0,ACTUAL
5/20/2014,2275,CRCH,2,ACTUAL
5/21/2014,2275,CRCH,0,ACTUAL
5/22/2014,2275,CRCH,10,ACTUAL
5/23/2014,2275,CRCH,0,ACTUAL
5/24/2014,2275,CRCH,0,ACTUAL
5/25/2014,2275,CRCH,0,ACTUAL
5/26/2014,2275,CRCH,0,ACTUAL
5/27/2014,2275,CRCH,5,ACTUAL
5/28/2014,2275,CRCH,0,ACTUAL
5/29/2014,2275,CRCH,9,ACTUAL
5/30/2014,2275,CRCH,0,ACTUAL
5/31/2014,2275,CRCH,8,ACTUAL
6/1/2014,2275,CRCH,0,ACTUAL
6/2/2014,2275,CRCH,6,ACTUAL
6/3/2014,2275,CRCH,4,ACTUAL
6/4/2014,2275,CRCH,0,ACTUAL
6/5/2014,2275,CRCH,19,ACTUAL
6/6/2014,2275,CRCH,0,ACTUAL
6/7/2014,2275,CRCH,0,ACTUAL
6/8/2014,2275,CRCH,0,ACTUAL
6/9/2014,2275,CRCH,14,ACTUAL
6/10/2014,2275,CRCH,0,ACTUAL
6/11/2014,2275,CRCH,2,ACTUAL
6/12/2014,2275,CRCH,6,ACTUAL
6/13/2014,2275,CRCH,0,ACTUAL
6/14/2014,2275,CRCH,4,ACTUAL
6/15/2014,2275,CRCH,0,ACTUAL
6/16/2014,2275,CRCH,0,ACTUAL
6/17/2014,2275,CRCH,8,ACTUAL
6/18/2014,2275,CRCH,0,ACTUAL
6/19/2014,2275,CRCH,12,ACTUAL
6/20/2014,2275,CRCH,0,ACTUAL
6/21/2014,2275,CRCH,24,ACTUAL
6/22/2014,2275,CRCH,0,ACTUAL
6/23/2014,2275,CRCH,0,ACTUAL
6/24/2014,2275,CRCH,19,ACTUAL
6/25/2014,2275,CRCH,0,ACTUAL
6/26/2014,2275,CRCH,7,ACTUAL
6/27/2014,2275,CRCH,0,ACTUAL
6/28/2014,2275,CRCH,24,ACTUAL
6/29/2014,2275,CRCH,0,ACTUAL
6/30/2014,2275,CRCH,0,ACTUAL
7/1/2014,2275,CRCH,9,ACTUAL
7/2/2014,2275,CRCH,0,ACTUAL
7/3/2014,2275,CRCH,0,ACTUAL
7/4/2014,2275,CRCH,0,ACTUAL
7/5/2014,2275,CRCH,0,ACTUAL
7/6/2014,2275,CRCH,2,ACTUAL
7/7/2014,2275,CRCH,0,ACTUAL
7/8/2014,2275,CRCH,15,ACTUAL
7/9/2014,2275,CRCH,0,ACTUAL
7/10/2014,2275,CRCH,6,ACTUAL
7/11/2014,2275,CRCH,0,ACTUAL
7/12/2014,2275,CRCH,0,ACTUAL
7/13/2014,2275,CRCH,0,ACTUAL
7/14/2014,2275,CRCH,0,ACTUAL
7/15/2014,2275,CRCH,10,ACTUAL
7/16/2014,2275,CRCH,0,ACTUAL
7/17/2014,2275,CRCH,10,ACTUAL
7/18/2014,2275,CRCH,0,ACTUAL
7/19/2014,2275,CRCH,5,ACTUAL
7/20/2014,2275,CRCH,0,ACTUAL
7/21/2014,2275,CRCH,0,ACTUAL
7/22/2014,2275,CRCH,4,ACTUAL
7/23/2014,2275,CRCH,0,ACTUAL
7/24/2014,2275,CRCH,14,ACTUAL
7/25/2014,2275,CRCH,0,ACTUAL
7/26/2014,2275,CRCH,9,ACTUAL
7/27/2014,2275,CRCH,0,ACTUAL
7/28/2014,2275,CRCH,0,ACTUAL
7/29/2014,2275,CRCH,8,ACTUAL
7/30/2014,2275,CRCH,0,ACTUAL
7/31/2014,2275,CRCH,4,ACTUAL
8/1/2014,2275,CRCH,0,ACTUAL
8/2/2014,2275,CRCH,19,ACTUAL
8/3/2014,2275,CRCH,19,ACTUAL
8/4/2014,2275,CRCH,9,ACTUAL
8/5/2014,2275,CRCH,4,ACTUAL
8/6/2014,2275,CRCH,0,ACTUAL
8/7/2014,2275,CRCH,4,ACTUAL
8/8/2014,2275,CRCH,0,ACTUAL
8/9/2014,2275,CRCH,0,ACTUAL
8/10/2014,2275,CRCH,0,ACTUAL
8/11/2014,2275,CRCH,5,ACTUAL
8/12/2014,2275,CRCH,0,ACTUAL
8/13/2014,2275,CRCH,0,ACTUAL
8/14/2014,2275,CRCH,20,ACTUAL
8/15/2014,2275,CRCH,0,ACTUAL
8/16/2014,2275,CRCH,8,ACTUAL
8/17/2014,2275,CRCH,0,ACTUAL
8/18/2014,2275,CRCH,0,ACTUAL
8/19/2014,2275,CRCH,5,ACTUAL
8/20/2014,2275,CRCH,0,ACTUAL
8/21/2014,2275,CRCH,5,ACTUAL
8/22/2014,2275,CRCH,0,ACTUAL
8/23/2014,2275,CRCH,9,ACTUAL
8/24/2014,2275,CRCH,0,ACTUAL
8/25/2014,2275,CRCH,0,ACTUAL
8/26/2014,2275,CRCH,19,ACTUAL
8/27/2014,2275,CRCH,0,ACTUAL
8/28/2014,2275,CRCH,6,ACTUAL
8/29/2014,2275,CRCH,0,ACTUAL
8/30/2014,2275,CRCH,3,ACTUAL
8/31/2014,2275,CRCH,0,ACTUAL
9/1/2014,2275,CRCH,0,ACTUAL
9/2/2014,2275,CRCH,0,ACTUAL
9/3/2014,2275,CRCH,0,ACTUAL
9/4/2014,2275,CRCH,0,ACTUAL
9/5/2014,2275,CRCH,0,ACTUAL
9/6/2014,2275,CRCH,0,ACTUAL
9/7/2014,2275,CRCH,0,ACTUAL
9/8/2014,2275,CRCH,13,ACTUAL
9/9/2014,2275,CRCH,9,ACTUAL
9/10/2014,2275,CRCH,5,ACTUAL
9/11/2014,2275,CRCH,0,ACTUAL
9/12/2014,2275,CRCH,0,ACTUAL
9/13/2014,2275,CRCH,5,ACTUAL
9/14/2014,2275,CRCH,0,ACTUAL
9/15/2014,2275,CRCH,0,ACTUAL
9/16/2014,2275,CRCH,7,ACTUAL
9/17/2014,2275,CRCH,0,ACTUAL
9/18/2014,2275,CRCH,11,ACTUAL
9/19/2014,2275,CRCH,0,ACTUAL
9/20/2014,2275,CRCH,5,ACTUAL
9/21/2014,2275,CRCH,0,ACTUAL
9/22/2014,2275,CRCH,0,ACTUAL
9/23/2014,2275,CRCH,8,ACTUAL
9/24/2014,2275,CRCH,0,ACTUAL
9/25/2014,2275,CRCH,10,ACTUAL
9/26/2014,2275,CRCH,0,ACTUAL
9/27/2014,2275,CRCH,5,ACTUAL
9/28/2014,2275,CRCH,0,ACTUAL
9/29/2014,2275,CRCH,0,ACTUAL
9/30/2014,2275,CRCH,0,ACTUAL
10/1/2014,2275,CRCH,0,ACTUAL
10/2/2014,2275,CRCH,0,ACTUAL
10/3/2014,2275,CRCH,0,ACTUAL
10/4/2014,2275,CRCH,14,ACTUAL
10/5/2014,2275,CRCH,3,ACTUAL
10/6/2014,2275,CRCH,3,ACTUAL
10/7/2014,2275,CRCH,0,ACTUAL
10/8/2014,2275,CRCH,0,ACTUAL
10/9/2014,2275,CRCH,0,ACTUAL
10/10/2014,2275,CRCH,0,ACTUAL
10/11/2014,2275,CRCH,0,ACTUAL
10/12/2014,2275,CRCH,0,ACTUAL
10/13/2014,2275,CRCH,0,ACTUAL
10/14/2014,2275,CRCH,8,ACTUAL
10/15/2014,2275,CRCH,0,ACTUAL
10/16/2014,2275,CRCH,5,ACTUAL
10/17/2014,2275,CRCH,0,ACTUAL
10/18/2014,2275,CRCH,19,ACTUAL
10/19/2014,2275,CRCH,0,ACTUAL
10/20/2014,2275,CRCH,0,ACTUAL
10/21/2014,2275,CRCH,5,ACTUAL
10/22/2014,2275,CRCH,0,ACTUAL
10/23/2014,2275,CRCH,7,ACTUAL
10/24/2014,2275,CRCH,0,ACTUAL
10/25/2014,2275,CRCH,0,ACTUAL
10/26/2014,2275,CRCH,0,ACTUAL
10/27/2014,2275,CRCH,0,ACTUAL
10/28/2014,2275,CRCH,6,ACTUAL
10/29/2014,2275,CRCH,0,ACTUAL
10/30/2014,2275,CRCH,10,ACTUAL
10/31/2014,2275,CRCH,0,ACTUAL
11/1/2014,2275,CRCH,19,ACTUAL
11/2/2014,2275,CRCH,19,ACTUAL
11/3/2014,2275,CRCH,19,ACTUAL
11/4/2014,2275,CRCH,0,ACTUAL
11/5/2014,2275,CRCH,0,ACTUAL
11/6/2014,2275,CRCH,0,ACTUAL
11/7/2014,2275,CRCH,0,ACTUAL
11/8/2014,2275,CRCH,0,ACTUAL
11/9/2014,2275,CRCH,10,ACTUAL
11/10/2014,2275,CRCH,2,ACTUAL
11/11/2014,2275,CRCH,0,ACTUAL
11/12/2014,2275,CRCH,7,ACTUAL
11/13/2014,2275,CRCH,6,ACTUAL
11/14/2014,2275,CRCH,0,ACTUAL
11/15/2014,2275,CRCH,10,ACTUAL
11/16/2014,2275,CRCH,0,ACTUAL
11/17/2014,2275,CRCH,0,ACTUAL
11/18/2014,2275,CRCH,10,ACTUAL
11/19/2014,2275,CRCH,0,ACTUAL
11/20/2014,2275,CRCH,6,ACTUAL
11/21/2014,2275,CRCH,0,ACTUAL
11/22/2014,2275,CRCH,11,ACTUAL
11/23/2014,2275,CRCH,0,ACTUAL
11/24/2014,2275,CRCH,0,ACTUAL
11/25/2014,2275,CRCH,7,ACTUAL
11/26/2014,2275,CRCH,0,ACTUAL
11/27/2014,2275,CRCH,9,ACTUAL
11/28/2014,2275,CRCH,0,ACTUAL
11/29/2014,2275,CRCH,11,ACTUAL
11/30/2014,2275,CRCH,0,ACTUAL
12/1/2014,2275,CRCH,0,ACTUAL
12/2/2014,2275,CRCH,0,ACTUAL
12/3/2014,2275,CRCH,0,ACTUAL
12/4/2014,2275,CRCH,19,ACTUAL
12/5/2014,2275,CRCH,0,ACTUAL
12/6/2014,2275,CRCH,10,ACTUAL
12/7/2014,2275,CRCH,9,ACTUAL
12/8/2014,2275,CRCH,2,ACTUAL
12/9/2014,2275,CRCH,0,ACTUAL
12/10/2014,2275,CRCH,0,ACTUAL
12/11/2014,2275,CRCH,0,ACTUAL
12/12/2014,2275,CRCH,0,ACTUAL
12/13/2014,2275,CRCH,6,ACTUAL
12/14/2014,2275,CRCH,0,ACTUAL
12/15/2014,2275,CRCH,0,ACTUAL
12/16/2014,2275,CRCH,4,ACTUAL
12/17/2014,2275,CRCH,0,ACTUAL
12/18/2014,2275,CRCH,4,ACTUAL
12/19/2014,2275,CRCH,0,ACTUAL
12/20/2014,2275,CRCH,9,ACTUAL
12/21/2014,2275,CRCH,0,ACTUAL
12/22/2014,2275,CRCH,0,ACTUAL
12/23/2014,2275,CRCH,3,ACTUAL
12/24/2014,2275,CRCH,0,ACTUAL
12/25/2014,2275,CRCH,2,ACTUAL
12/26/2014,2275,CRCH,0,ACTUAL
12/27/2014,2275,CRCH,7,ACTUAL
12/28/2014,2275,CRCH,0,ACTUAL
12/29/2014,2275,CRCH,0,ACTUAL
12/30/2014,2275,CRCH,0,ACTUAL
12/31/2014,2275,CRCH,0,ACTUAL
1/1/2015,2275,CRCH,6,ACTUAL
1/2/2015,2275,CRCH,0,ACTUAL
1/3/2015,2275,CRCH,0,ACTUAL
1/4/2015,2275,CRCH,0,ACTUAL
1/5/2015,2275,CRCH,0,ACTUAL
1/6/2015,2275,CRCH,0,ACTUAL
1/7/2015,2275,CRCH,0,ACTUAL
1/8/2015,2275,CRCH,25,ACTUAL
1/9/2015,2275,CRCH,17,ACTUAL
1/10/2015,2275,CRCH,14,ACTUAL
1/11/2015,2275,CRCH,0,ACTUAL
1/12/2015,2275,CRCH,13,ACTUAL
1/13/2015,2275,CRCH,3,ACTUAL
1/14/2015,2275,CRCH,0,ACTUAL
1/15/2015,2275,CRCH,12,ACTUAL
1/16/2015,2275,CRCH,0,ACTUAL
1/17/2015,2275,CRCH,10,ACTUAL
1/18/2015,2275,CRCH,0,ACTUAL
1/19/2015,2275,CRCH,0,ACTUAL
1/20/2015,2275,CRCH,16,ACTUAL
1/21/2015,2275,CRCH,0,ACTUAL
1/22/2015,2275,CRCH,11,ACTUAL
1/23/2015,2275,CRCH,0,ACTUAL
1/24/2015,2275,CRCH,22,ACTUAL
1/25/2015,2275,CRCH,0,ACTUAL
1/26/2015,2275,CRCH,0,ACTUAL
1/27/2015,2275,CRCH,4,ACTUAL
1/28/2015,2275,CRCH,0,ACTUAL
1/29/2015,2275,CRCH,15,ACTUAL
1/30/2015,2275,CRCH,0,ACTUAL
1/31/2015,2275,CRCH,0,ACTUAL
2/1/2015,2275,CRCH,0,ACTUAL
2/2/2015,2275,CRCH,0,ACTUAL
2/3/2015,2275,CRCH,0,ACTUAL
2/4/2015,2275,CRCH,6,ACTUAL
2/5/2015,2275,CRCH,22,ACTUAL
2/6/2015,2275,CRCH,17,ACTUAL
2/7/2015,2275,CRCH,4,ACTUAL
2/8/2015,2275,CRCH,0,ACTUAL
2/9/2015,2275,CRCH,0,ACTUAL
2/10/2015,2275,CRCH,0,ACTUAL
2/11/2015,2275,CRCH,0,ACTUAL
2/12/2015,2275,CRCH,0,ACTUAL
2/13/2015,2275,CRCH,0,ACTUAL
2/14/2015,2275,CRCH,4,ACTUAL
2/15/2015,2275,CRCH,0,ACTUAL
2/16/2015,2275,CRCH,0,ACTUAL
2/17/2015,2275,CRCH,5,ACTUAL
2/18/2015,2275,CRCH,0,ACTUAL
2/19/2015,2275,CRCH,0,ACTUAL
2/20/2015,2275,CRCH,0,ACTUAL
2/21/2015,2275,CRCH,10,ACTUAL
2/22/2015,2275,CRCH,0,ACTUAL
2/23/2015,2275,CRCH,0,ACTUAL
2/24/2015,2275,CRCH,5,ACTUAL
2/25/2015,2275,CRCH,0,ACTUAL
2/26/2015,2275,CRCH,11,ACTUAL
2/27/2015,2275,CRCH,0,ACTUAL
2/28/2015,2275,CRCH,10,ACTUAL
3/1/2015,2275,CRCH,13,ACTUAL
3/2/2015,2275,CRCH,10,ACTUAL
3/3/2015,2275,CRCH,7,ACTUAL
3/4/2015,2275,CRCH,0,ACTUAL
3/5/2015,2275,CRCH,0,ACTUAL
3/6/2015,2275,CRCH,0,ACTUAL
3/7/2015,2275,CRCH,0,ACTUAL
3/8/2015,2275,CRCH,0,ACTUAL
3/9/2015,2275,CRCH,9,ACTUAL
3/10/2015,2275,CRCH,9,ACTUAL
3/11/2015,2275,CRCH,17,ACTUAL
3/12/2015,2275,CRCH,10,ACTUAL
3/13/2015,2275,CRCH,0,ACTUAL
3/14/2015,2275,CRCH,8,ACTUAL
3/15/2015,2275,CRCH,0,ACTUAL
3/16/2015,2275,CRCH,0,ACTUAL
3/17/2015,2275,CRCH,5,ACTUAL
3/18/2015,2275,CRCH,0,ACTUAL
3/19/2015,2275,CRCH,5,ACTUAL
3/20/2015,2275,CRCH,0,ACTUAL
3/21/2015,2275,CRCH,10,ACTUAL
3/22/2015,2275,CRCH,0,ACTUAL
3/23/2015,2275,CRCH,0,ACTUAL
3/24/2015,2275,CRCH,0,ACTUAL
3/25/2015,2275,CRCH,0,ACTUAL
3/26/2015,2275,CRCH,10,ACTUAL
3/27/2015,2275,CRCH,0,ACTUAL
3/28/2015,2275,CRCH,12,ACTUAL
3/29/2015,2275,CRCH,0,ACTUAL
3/30/2015,2275,CRCH,0,ACTUAL
3/31/2015,2275,CRCH,7,ACTUAL
4/1/2015,2275,CRCH,0,ACTUAL
4/2/2015,2275,CRCH,0,ACTUAL
4/3/2015,2275,CRCH,0,ACTUAL
4/4/2015,2275,CRCH,14,ACTUAL
4/5/2015,2275,CRCH,0,ACTUAL
4/6/2015,2275,CRCH,3,ACTUAL
4/7/2015,2275,CRCH,15,ACTUAL
4/8/2015,2275,CRCH,7,ACTUAL
4/9/2015,2275,CRCH,0,ACTUAL
4/10/2015,2275,CRCH,0,ACTUAL
4/11/2015,2275,CRCH,0,ACTUAL
4/12/2015,2275,CRCH,0,ACTUAL
4/13/2015,2275,CRCH,0,ACTUAL
4/14/2015,2275,CRCH,6,ACTUAL
4/15/2015,2275,CRCH,0,ACTUAL
4/16/2015,2275,CRCH,4,ACTUAL
4/17/2015,2275,CRCH,0,ACTUAL
4/18/2015,2275,CRCH,19,ACTUAL
4/19/2015,2275,CRCH,0,ACTUAL
4/20/2015,2275,CRCH,0,ACTUAL
4/21/2015,2275,CRCH,5,ACTUAL
4/22/2015,2275,CRCH,0,ACTUAL
4/23/2015,2275,CRCH,9,ACTUAL
4/24/2015,2275,CRCH,0,ACTUAL
4/25/2015,2275,CRCH,24,ACTUAL
4/26/2015,2275,CRCH,0,ACTUAL
4/27/2015,2275,CRCH,0,ACTUAL
4/28/2015,2275,CRCH,11,ACTUAL
4/29/2015,2275,CRCH,0,ACTUAL
4/30/2015,2275,CRCH,18,ACTUAL
5/1/2015,2275,CRCH,0,ACTUAL
5/2/2015,2275,CRCH,17,ACTUAL
5/3/2015,2275,CRCH,6,ACTUAL
5/4/2015,2275,CRCH,0,ACTUAL
5/5/2015,2275,CRCH,15,ACTUAL
5/6/2015,2275,CRCH,0,ACTUAL
5/7/2015,2275,CRCH,0,ACTUAL
5/8/2015,2275,CRCH,0,ACTUAL
5/9/2015,2275,CRCH,6,ACTUAL
5/10/2015,2275,CRCH,0,ACTUAL
5/11/2015,2275,CRCH,9,ACTUAL
5/12/2015,2275,CRCH,8,ACTUAL
5/13/2015,2275,CRCH,0,ACTUAL
5/14/2015,2275,CRCH,11,ACTUAL
5/15/2015,2275,CRCH,0,ACTUAL
5/16/2015,2275,CRCH,14,ACTUAL
5/17/2015,2275,CRCH,0,ACTUAL
5/18/2015,2275,CRCH,0,ACTUAL
5/19/2015,2275,CRCH,17,ACTUAL
5/20/2015,2275,CRCH,0,ACTUAL
5/21/2015,2275,CRCH,9,ACTUAL
5/22/2015,2275,CRCH,0,ACTUAL
5/23/2015,2275,CRCH,28,ACTUAL
5/24/2015,2275,CRCH,0,ACTUAL
5/25/2015,2275,CRCH,0,ACTUAL
5/26/2015,2275,CRCH,11,ACTUAL
5/27/2015,2275,CRCH,0,ACTUAL
5/28/2015,2275,CRCH,12,ACTUAL
5/29/2015,2275,CRCH,0,ACTUAL
5/30/2015,2275,CRCH,23,ACTUAL
5/31/2015,2275,CRCH,0,ACTUAL
6/1/2015,2275,CRCH,8,ACTUAL
6/2/2015,2275,CRCH,0,ACTUAL
6/3/2015,2275,CRCH,0,ACTUAL
6/4/2015,2275,CRCH,0,ACTUAL
6/5/2015,2275,CRCH,0,ACTUAL
6/6/2015,2275,CRCH,7,ACTUAL
6/7/2015,2275,CRCH,0,ACTUAL
6/8/2015,2275,CRCH,5,ACTUAL
6/9/2015,2275,CRCH,0,ACTUAL
6/10/2015,2275,CRCH,6,ACTUAL
6/11/2015,2275,CRCH,0,ACTUAL
6/12/2015,2275,CRCH,0,ACTUAL
6/13/2015,2275,CRCH,14,ACTUAL
6/14/2015,2275,CRCH,0,ACTUAL
6/15/2015,2275,CRCH,0,ACTUAL
6/16/2015,2275,CRCH,14,ACTUAL
6/17/2015,2275,CRCH,0,ACTUAL
6/18/2015,2275,CRCH,3,ACTUAL
6/19/2015,2275,CRCH,0,ACTUAL
6/20/2015,2275,CRCH,4,ACTUAL
6/21/2015,2275,CRCH,0,ACTUAL
6/22/2015,2275,CRCH,0,ACTUAL
6/23/2015,2275,CRCH,9,ACTUAL
6/24/2015,2275,CRCH,0,ACTUAL
6/25/2015,2275,CRCH,5,ACTUAL
6/26/2015,2275,CRCH,0,ACTUAL
6/27/2015,2275,CRCH,15,ACTUAL
6/28/2015,2275,CRCH,0,ACTUAL
6/29/2015,2275,CRCH,0,ACTUAL
6/30/2015,2275,CRCH,12,ACTUAL
7/1/2015,2275,CRCH,0,ACTUAL
7/2/2015,2275,CRCH,7,ACTUAL
7/3/2015,2275,CRCH,8,ACTUAL
7/4/2015,2275,CRCH,7,ACTUAL
7/5/2015,2275,CRCH,29,ACTUAL
7/6/2015,2275,CRCH,0,ACTUAL
7/7/2015,2275,CRCH,11,ACTUAL
7/8/2015,2275,CRCH,0,ACTUAL
7/9/2015,2275,CRCH,0,ACTUAL
7/10/2015,2275,CRCH,0,ACTUAL
7/11/2015,2275,CRCH,15,ACTUAL
7/12/2015,2275,CRCH,0,ACTUAL
7/13/2015,2275,CRCH,0,ACTUAL
7/14/2015,2275,CRCH,4,ACTUAL
7/15/2015,2275,CRCH,0,ACTUAL
7/16/2015,2275,CRCH,15,ACTUAL
7/17/2015,2275,CRCH,0,ACTUAL
7/18/2015,2275,CRCH,10,ACTUAL
7/19/2015,2275,CRCH,0,ACTUAL
7/20/2015,2275,CRCH,0,ACTUAL
7/21/2015,2275,CRCH,16,ACTUAL
7/22/2015,2275,CRCH,0,ACTUAL
7/23/2015,2275,CRCH,7,ACTUAL
7/24/2015,2275,CRCH,0,ACTUAL
7/25/2015,2275,CRCH,9,ACTUAL
7/26/2015,2275,CRCH,0,ACTUAL
7/27/2015,2275,CRCH,0,ACTUAL
7/28/2015,2275,CRCH,8,ACTUAL
7/29/2015,2275,CRCH,0,ACTUAL
7/30/2015,2275,CRCH,8,ACTUAL
7/31/2015,2275,CRCH,0,ACTUAL
8/1/2015,2275,CRCH,5,ACTUAL
8/2/2015,2275,CRCH,0,ACTUAL
8/3/2015,2275,CRCH,0,ACTUAL
8/4/2015,2275,CRCH,0,ACTUAL
8/5/2015,2275,CRCH,0,ACTUAL
8/6/2015,2275,CRCH,0,ACTUAL
8/7/2015,2275,CRCH,0,ACTUAL
8/8/2015,2275,CRCH,12,ACTUAL
8/9/2015,2275,CRCH,50,ACTUAL
8/10/2015,2275,CRCH,12,ACTUAL
8/11/2015,2275,CRCH,0,ACTUAL
8/12/2015,2275,CRCH,17,ACTUAL
8/13/2015,2275,CRCH,17,ACTUAL
8/14/2015,2275,CRCH,0,ACTUAL
8/15/2015,2275,CRCH,28,ACTUAL
8/16/2015,2275,CRCH,0,ACTUAL
8/17/2015,2275,CRCH,0,ACTUAL
8/18/2015,2275,CRCH,19,ACTUAL
8/19/2015,2275,CRCH,0,ACTUAL
8/20/2015,2275,CRCH,11,ACTUAL
8/21/2015,2275,CRCH,0,ACTUAL
8/22/2015,2275,CRCH,14,ACTUAL
8/23/2015,2275,CRCH,0,ACTUAL
8/24/2015,2275,CRCH,0,ACTUAL
8/25/2015,2275,CRCH,9,ACTUAL
8/26/2015,2275,CRCH,0,ACTUAL
8/27/2015,2275,CRCH,10,ACTUAL
8/28/2015,2275,CRCH,0,ACTUAL
8/29/2015,2275,CRCH,19,ACTUAL
8/30/2015,2275,CRCH,0,ACTUAL
8/31/2015,2275,CRCH,0,ACTUAL
9/1/2015,2275,CRCH,0,ACTUAL
9/2/2015,2275,CRCH,0,ACTUAL
9/3/2015,2275,CRCH,0,ACTUAL
9/4/2015,2275,CRCH,6,ACTUAL
9/5/2015,2275,CRCH,12,ACTUAL
9/6/2015,2275,CRCH,14,ACTUAL
9/7/2015,2275,CRCH,10,ACTUAL
9/8/2015,2275,CRCH,0,ACTUAL
9/9/2015,2275,CRCH,0,ACTUAL
9/10/2015,2275,CRCH,0,ACTUAL
9/11/2015,2275,CRCH,0,ACTUAL
9/12/2015,2275,CRCH,0,ACTUAL
9/13/2015,2275,CRCH,0,ACTUAL
9/14/2015,2275,CRCH,0,ACTUAL
9/15/2015,2275,CRCH,8,ACTUAL
9/16/2015,2275,CRCH,0,ACTUAL
9/17/2015,2275,CRCH,15,ACTUAL
9/18/2015,2275,CRCH,0,ACTUAL
9/19/2015,2275,CRCH,13,ACTUAL
9/20/2015,2275,CRCH,0,ACTUAL
9/21/2015,2275,CRCH,0,ACTUAL
9/22/2015,2275,CRCH,14,ACTUAL
9/23/2015,2275,CRCH,0,ACTUAL
9/24/2015,2275,CRCH,7,ACTUAL
9/25/2015,2275,CRCH,0,ACTUAL
9/26/2015,2275,CRCH,21,ACTUAL
9/27/2015,2275,CRCH,0,ACTUAL
9/28/2015,2275,CRCH,0,ACTUAL
9/29/2015,2275,CRCH,4,ACTUAL
9/30/2015,2275,CRCH,0,ACTUAL
10/1/2015,2275,CRCH,11,ACTUAL
10/2/2015,2275,CRCH,8,ACTUAL
10/3/2015,2275,CRCH,8,ACTUAL
10/4/2015,2275,CRCH,0,ACTUAL
10/5/2015,2275,CRCH,0,ACTUAL
10/6/2015,2275,CRCH,0,ACTUAL
10/7/2015,2275,CRCH,0,ACTUAL
10/8/2015,2275,CRCH,0,ACTUAL
10/9/2015,2275,CRCH,10,ACTUAL
10/10/2015,2275,CRCH,14,ACTUAL
10/11/2015,2275,CRCH,10,ACTUAL
10/12/2015,2275,CRCH,11,ACTUAL
10/13/2015,2275,CRCH,8,ACTUAL
10/14/2015,2275,CRCH,0,ACTUAL
10/15/2015,2275,CRCH,13,ACTUAL
10/16/2015,2275,CRCH,0,ACTUAL
10/17/2015,2275,CRCH,29,ACTUAL
10/18/2015,2275,CRCH,0,ACTUAL
10/19/2015,2275,CRCH,0,ACTUAL
10/20/2015,2275,CRCH,12,ACTUAL
10/21/2015,2275,CRCH,0,ACTUAL
10/22/2015,2275,CRCH,6,ACTUAL
10/23/2015,2275,CRCH,0,ACTUAL
10/24/2015,2275,CRCH,20,ACTUAL
10/25/2015,2275,CRCH,0,ACTUAL
10/26/2015,2275,CRCH,0,ACTUAL
10/27/2015,2275,CRCH,12,ACTUAL
10/28/2015,2275,CRCH,0,ACTUAL
10/29/2015,2275,CRCH,1,ACTUAL
10/30/2015,2275,CRCH,0,ACTUAL
10/31/2015,2275,CRCH,15,ACTUAL
11/1/2015,2275,CRCH,0,ACTUAL
11/2/2015,2275,CRCH,0,ACTUAL
11/3/2015,2275,CRCH,0,ACTUAL
11/4/2015,2275,CRCH,15,ACTUAL
11/5/2015,2275,CRCH,0,ACTUAL
11/6/2015,2275,CRCH,6,ACTUAL
11/7/2015,2275,CRCH,15,ACTUAL
11/8/2015,2275,CRCH,9,ACTUAL
11/9/2015,2275,CRCH,0,ACTUAL
11/10/2015,2275,CRCH,0,ACTUAL
11/11/2015,2275,CRCH,0,ACTUAL
11/12/2015,2275,CRCH,0,ACTUAL
11/13/2015,2275,CRCH,0,ACTUAL
11/14/2015,2275,CRCH,20,ACTUAL
11/15/2015,2275,CRCH,0,ACTUAL
11/16/2015,2275,CRCH,0,ACTUAL
11/17/2015,2275,CRCH,14,ACTUAL
11/18/2015,2275,CRCH,0,ACTUAL
11/19/2015,2275,CRCH,12,ACTUAL
11/20/2015,2275,CRCH,0,ACTUAL
11/21/2015,2275,CRCH,11,ACTUAL
11/22/2015,2275,CRCH,0,ACTUAL
11/23/2015,2275,CRCH,0,ACTUAL
11/24/2015,2275,CRCH,7,ACTUAL
11/25/2015,2275,CRCH,0,ACTUAL
11/26/2015,2275,CRCH,14,ACTUAL
11/27/2015,2275,CRCH,0,ACTUAL
11/28/2015,2275,CRCH,17,ACTUAL
11/29/2015,2275,CRCH,0,ACTUAL
11/30/2015,2275,CRCH,0,ACTUAL
12/1/2015,2275,CRCH,0,ACTUAL
12/2/2015,2275,CRCH,8,ACTUAL
12/3/2015,2275,CRCH,6,ACTUAL
12/4/2015,2275,CRCH,0,ACTUAL
12/5/2015,2275,CRCH,14,ACTUAL
12/6/2015,2275,CRCH,0,ACTUAL
12/7/2015,2275,CRCH,0,ACTUAL
12/8/2015,2275,CRCH,0,ACTUAL
12/9/2015,2275,CRCH,19,ACTUAL
12/10/2015,2275,CRCH,0,ACTUAL
12/11/2015,2275,CRCH,12,ACTUAL
12/12/2015,2275,CRCH,15,ACTUAL
12/13/2015,2275,CRCH,0,ACTUAL
12/14/2015,2275,CRCH,0,ACTUAL
12/15/2015,2275,CRCH,5,ACTUAL
12/16/2015,2275,CRCH,0,ACTUAL
12/17/2015,2275,CRCH,6,ACTUAL
12/18/2015,2275,CRCH,0,ACTUAL
12/19/2015,2275,CRCH,19,ACTUAL
12/20/2015,2275,CRCH,0,ACTUAL
12/21/2015,2275,CRCH,0,ACTUAL
12/22/2015,2275,CRCH,17,ACTUAL
12/23/2015,2275,CRCH,0,ACTUAL
12/24/2015,2275,CRCH,8,ACTUAL
12/25/2015,2275,CRCH,0,ACTUAL
12/26/2015,2275,CRCH,12,ACTUAL
12/27/2015,2275,CRCH,0,ACTUAL
12/28/2015,2275,CRCH,0,ACTUAL
12/29/2015,2275,CRCH,9,ACTUAL
12/30/2015,2275,CRCH,0,ACTUAL
12/31/2015,2275,CRCH,0,ACTUAL
1/1/2016,2275,CRCH,0,ACTUAL
1/2/2016,2275,CRCH,0,ACTUAL
1/3/2016,2275,CRCH,0,ACTUAL
1/4/2016,2275,CRCH,0,ACTUAL
1/5/2016,2275,CRCH,0,ACTUAL
1/6/2016,2275,CRCH,0,ACTUAL
1/7/2016,2275,CRCH,0,ACTUAL
1/8/2016,2275,CRCH,0,ACTUAL
1/9/2016,2275,CRCH,0,ACTUAL
1/10/2016,2275,CRCH,19,ACTUAL
1/11/2016,2275,CRCH,18,ACTUAL
1/12/2016,2275,CRCH,0,ACTUAL
1/13/2016,2275,CRCH,0,ACTUAL
1/14/2016,2275,CRCH,0,ACTUAL
1/3/2014,1243,CRLS,8,ACTUAL
1/4/2014,1243,CRLS,0,ACTUAL
1/5/2014,1243,CRLS,3,ACTUAL
1/6/2014,1243,CRLS,0,ACTUAL
1/7/2014,1243,CRLS,6,ACTUAL
1/8/2014,1243,CRLS,0,ACTUAL
1/9/2014,1243,CRLS,0,ACTUAL
1/10/2014,1243,CRLS,0,ACTUAL
1/11/2014,1243,CRLS,7,ACTUAL
1/12/2014,1243,CRLS,0,ACTUAL
1/13/2014,1243,CRLS,0,ACTUAL
1/14/2014,1243,CRLS,4,ACTUAL
1/15/2014,1243,CRLS,0,ACTUAL
1/16/2014,1243,CRLS,0,ACTUAL
1/17/2014,1243,CRLS,0,ACTUAL
1/18/2014,1243,CRLS,3,ACTUAL
1/19/2014,1243,CRLS,0,ACTUAL
1/20/2014,1243,CRLS,0,ACTUAL
1/21/2014,1243,CRLS,2,ACTUAL
1/22/2014,1243,CRLS,0,ACTUAL
1/23/2014,1243,CRLS,0,ACTUAL
1/24/2014,1243,CRLS,0,ACTUAL
1/25/2014,1243,CRLS,7,ACTUAL
1/26/2014,1243,CRLS,0,ACTUAL
1/27/2014,1243,CRLS,0,ACTUAL
1/28/2014,1243,CRLS,6,ACTUAL
1/29/2014,1243,CRLS,0,ACTUAL
1/30/2014,1243,CRLS,0,ACTUAL
1/31/2014,1243,CRLS,0,ACTUAL
2/1/2014,1243,CRLS,0,ACTUAL
2/2/2014,1243,CRLS,0,ACTUAL
2/3/2014,1243,CRLS,0,ACTUAL
2/4/2014,1243,CRLS,0,ACTUAL
2/5/2014,1243,CRLS,0,ACTUAL
2/6/2014,1243,CRLS,0,ACTUAL
2/7/2014,1243,CRLS,0,ACTUAL
2/8/2014,1243,CRLS,1,ACTUAL
2/9/2014,1243,CRLS,7,ACTUAL
2/10/2014,1243,CRLS,0,ACTUAL
2/11/2014,1243,CRLS,0,ACTUAL
2/12/2014,1243,CRLS,6,ACTUAL
2/13/2014,1243,CRLS,0,ACTUAL
2/14/2014,1243,CRLS,0,ACTUAL
2/15/2014,1243,CRLS,3,ACTUAL
2/16/2014,1243,CRLS,0,ACTUAL
2/17/2014,1243,CRLS,0,ACTUAL
2/18/2014,1243,CRLS,7,ACTUAL
2/19/2014,1243,CRLS,0,ACTUAL
2/20/2014,1243,CRLS,0,ACTUAL
2/21/2014,1243,CRLS,0,ACTUAL
2/22/2014,1243,CRLS,6,ACTUAL
2/23/2014,1243,CRLS,0,ACTUAL
2/24/2014,1243,CRLS,0,ACTUAL
2/25/2014,1243,CRLS,6,ACTUAL
2/26/2014,1243,CRLS,0,ACTUAL
2/27/2014,1243,CRLS,0,ACTUAL
2/28/2014,1243,CRLS,0,ACTUAL
3/1/2014,1243,CRLS,0,ACTUAL
3/2/2014,1243,CRLS,0,ACTUAL
3/3/2014,1243,CRLS,0,ACTUAL
3/4/2014,1243,CRLS,0,ACTUAL
3/5/2014,1243,CRLS,1,ACTUAL
3/6/2014,1243,CRLS,0,ACTUAL
3/7/2014,1243,CRLS,0,ACTUAL
3/8/2014,1243,CRLS,0,ACTUAL
3/9/2014,1243,CRLS,0,ACTUAL
3/10/2014,1243,CRLS,0,ACTUAL
3/11/2014,1243,CRLS,0,ACTUAL
3/12/2014,1243,CRLS,0,ACTUAL
3/13/2014,1243,CRLS,0,ACTUAL
3/14/2014,1243,CRLS,0,ACTUAL
3/15/2014,1243,CRLS,4,ACTUAL
3/16/2014,1243,CRLS,0,ACTUAL
3/17/2014,1243,CRLS,0,ACTUAL
3/18/2014,1243,CRLS,3,ACTUAL
3/19/2014,1243,CRLS,0,ACTUAL
3/20/2014,1243,CRLS,0,ACTUAL
3/21/2014,1243,CRLS,0,ACTUAL
3/22/2014,1243,CRLS,8,ACTUAL
3/23/2014,1243,CRLS,0,ACTUAL
3/24/2014,1243,CRLS,0,ACTUAL
3/25/2014,1243,CRLS,0,ACTUAL
3/26/2014,1243,CRLS,0,ACTUAL
3/27/2014,1243,CRLS,0,ACTUAL
3/28/2014,1243,CRLS,0,ACTUAL
3/29/2014,1243,CRLS,7,ACTUAL
3/30/2014,1243,CRLS,0,ACTUAL
3/31/2014,1243,CRLS,0,ACTUAL
4/1/2014,1243,CRLS,3,ACTUAL
4/2/2014,1243,CRLS,6,ACTUAL
4/3/2014,1243,CRLS,4,ACTUAL
4/4/2014,1243,CRLS,0,ACTUAL
4/5/2014,1243,CRLS,0,ACTUAL
4/6/2014,1243,CRLS,0,ACTUAL
4/7/2014,1243,CRLS,0,ACTUAL
4/8/2014,1243,CRLS,0,ACTUAL
4/9/2014,1243,CRLS,0,ACTUAL
4/10/2014,1243,CRLS,11,ACTUAL
4/11/2014,1243,CRLS,6,ACTUAL
4/12/2014,1243,CRLS,0,ACTUAL
4/13/2014,1243,CRLS,0,ACTUAL
4/14/2014,1243,CRLS,0,ACTUAL
4/15/2014,1243,CRLS,6,ACTUAL
4/16/2014,1243,CRLS,0,ACTUAL
4/17/2014,1243,CRLS,0,ACTUAL
4/18/2014,1243,CRLS,0,ACTUAL
4/19/2014,1243,CRLS,8,ACTUAL
4/20/2014,1243,CRLS,0,ACTUAL
4/21/2014,1243,CRLS,0,ACTUAL
4/22/2014,1243,CRLS,4,ACTUAL
4/23/2014,1243,CRLS,0,ACTUAL
4/24/2014,1243,CRLS,1,ACTUAL
4/25/2014,1243,CRLS,0,ACTUAL
4/26/2014,1243,CRLS,8,ACTUAL
4/27/2014,1243,CRLS,0,ACTUAL
4/28/2014,1243,CRLS,0,ACTUAL
4/29/2014,1243,CRLS,0,ACTUAL
4/30/2014,1243,CRLS,0,ACTUAL
5/1/2014,1243,CRLS,0,ACTUAL
5/2/2014,1243,CRLS,0,ACTUAL
5/3/2014,1243,CRLS,0,ACTUAL
5/4/2014,1243,CRLS,7,ACTUAL
5/5/2014,1243,CRLS,0,ACTUAL
5/6/2014,1243,CRLS,0,ACTUAL
5/7/2014,1243,CRLS,8,ACTUAL
5/8/2014,1243,CRLS,0,ACTUAL
5/9/2014,1243,CRLS,0,ACTUAL
5/10/2014,1243,CRLS,0,ACTUAL
5/11/2014,1243,CRLS,0,ACTUAL
5/12/2014,1243,CRLS,0,ACTUAL
5/13/2014,1243,CRLS,0,ACTUAL
5/14/2014,1243,CRLS,0,ACTUAL
5/15/2014,1243,CRLS,0,ACTUAL
5/16/2014,1243,CRLS,0,ACTUAL
5/17/2014,1243,CRLS,11,ACTUAL
5/18/2014,1243,CRLS,0,ACTUAL
5/19/2014,1243,CRLS,0,ACTUAL
5/20/2014,1243,CRLS,0,ACTUAL
5/21/2014,1243,CRLS,0,ACTUAL
5/22/2014,1243,CRLS,0,ACTUAL
5/23/2014,1243,CRLS,0,ACTUAL
5/24/2014,1243,CRLS,8,ACTUAL
5/25/2014,1243,CRLS,0,ACTUAL
5/26/2014,1243,CRLS,0,ACTUAL
5/27/2014,1243,CRLS,4,ACTUAL
5/28/2014,1243,CRLS,0,ACTUAL
5/29/2014,1243,CRLS,3,ACTUAL
5/30/2014,1243,CRLS,0,ACTUAL
5/31/2014,1243,CRLS,7,ACTUAL
6/1/2014,1243,CRLS,0,ACTUAL
6/2/2014,1243,CRLS,0,ACTUAL
6/3/2014,1243,CRLS,0,ACTUAL
6/4/2014,1243,CRLS,0,ACTUAL
6/5/2014,1243,CRLS,6,ACTUAL
6/6/2014,1243,CRLS,0,ACTUAL
6/7/2014,1243,CRLS,0,ACTUAL
6/8/2014,1243,CRLS,0,ACTUAL
6/9/2014,1243,CRLS,11,ACTUAL
6/10/2014,1243,CRLS,0,ACTUAL
6/11/2014,1243,CRLS,0,ACTUAL
6/12/2014,1243,CRLS,4,ACTUAL
6/13/2014,1243,CRLS,0,ACTUAL
6/14/2014,1243,CRLS,7,ACTUAL
6/15/2014,1243,CRLS,0,ACTUAL
6/16/2014,1243,CRLS,0,ACTUAL
6/17/2014,1243,CRLS,4,ACTUAL
6/18/2014,1243,CRLS,0,ACTUAL
6/19/2014,1243,CRLS,5,ACTUAL
6/20/2014,1243,CRLS,0,ACTUAL
6/21/2014,1243,CRLS,0,ACTUAL
6/22/2014,1243,CRLS,0,ACTUAL
6/23/2014,1243,CRLS,0,ACTUAL
6/24/2014,1243,CRLS,7,ACTUAL
6/25/2014,1243,CRLS,0,ACTUAL
6/26/2014,1243,CRLS,0,ACTUAL
6/27/2014,1243,CRLS,0,ACTUAL
6/28/2014,1243,CRLS,4,ACTUAL
6/29/2014,1243,CRLS,0,ACTUAL
6/30/2014,1243,CRLS,0,ACTUAL
7/1/2014,1243,CRLS,6,ACTUAL
7/2/2014,1243,CRLS,0,ACTUAL
7/3/2014,1243,CRLS,0,ACTUAL
7/4/2014,1243,CRLS,0,ACTUAL
7/5/2014,1243,CRLS,0,ACTUAL
7/6/2014,1243,CRLS,3,ACTUAL
7/7/2014,1243,CRLS,0,ACTUAL
7/8/2014,1243,CRLS,0,ACTUAL
7/9/2014,1243,CRLS,0,ACTUAL
7/10/2014,1243,CRLS,4,ACTUAL
7/11/2014,1243,CRLS,0,ACTUAL
7/12/2014,1243,CRLS,0,ACTUAL
7/13/2014,1243,CRLS,0,ACTUAL
7/14/2014,1243,CRLS,0,ACTUAL
7/15/2014,1243,CRLS,6,ACTUAL
7/16/2014,1243,CRLS,0,ACTUAL
7/17/2014,1243,CRLS,3,ACTUAL
7/18/2014,1243,CRLS,0,ACTUAL
7/19/2014,1243,CRLS,7,ACTUAL
7/20/2014,1243,CRLS,0,ACTUAL
7/21/2014,1243,CRLS,0,ACTUAL
7/22/2014,1243,CRLS,6,ACTUAL
7/23/2014,1243,CRLS,0,ACTUAL
7/24/2014,1243,CRLS,0,ACTUAL
7/25/2014,1243,CRLS,0,ACTUAL
7/26/2014,1243,CRLS,7,ACTUAL
7/27/2014,1243,CRLS,0,ACTUAL
7/28/2014,1243,CRLS,0,ACTUAL
7/29/2014,1243,CRLS,7,ACTUAL
7/30/2014,1243,CRLS,0,ACTUAL
7/31/2014,1243,CRLS,2,ACTUAL
8/1/2014,1243,CRLS,0,ACTUAL
8/2/2014,1243,CRLS,7,ACTUAL
8/3/2014,1243,CRLS,1,ACTUAL
8/4/2014,1243,CRLS,0,ACTUAL
8/5/2014,1243,CRLS,0,ACTUAL
8/6/2014,1243,CRLS,0,ACTUAL
8/7/2014,1243,CRLS,8,ACTUAL
8/8/2014,1243,CRLS,0,ACTUAL
8/9/2014,1243,CRLS,0,ACTUAL
8/10/2014,1243,CRLS,0,ACTUAL
8/11/2014,1243,CRLS,8,ACTUAL
8/12/2014,1243,CRLS,0,ACTUAL
8/13/2014,1243,CRLS,0,ACTUAL
8/14/2014,1243,CRLS,1,ACTUAL
8/15/2014,1243,CRLS,0,ACTUAL
8/16/2014,1243,CRLS,7,ACTUAL
8/17/2014,1243,CRLS,0,ACTUAL
8/18/2014,1243,CRLS,0,ACTUAL
8/19/2014,1243,CRLS,6,ACTUAL
8/20/2014,1243,CRLS,0,ACTUAL
8/21/2014,1243,CRLS,1,ACTUAL
8/22/2014,1243,CRLS,0,ACTUAL
8/23/2014,1243,CRLS,8,ACTUAL
8/24/2014,1243,CRLS,0,ACTUAL
8/25/2014,1243,CRLS,0,ACTUAL
8/26/2014,1243,CRLS,3,ACTUAL
8/27/2014,1243,CRLS,0,ACTUAL
8/28/2014,1243,CRLS,0,ACTUAL
8/29/2014,1243,CRLS,0,ACTUAL
8/30/2014,1243,CRLS,2,ACTUAL
8/31/2014,1243,CRLS,0,ACTUAL
9/1/2014,1243,CRLS,0,ACTUAL
9/2/2014,1243,CRLS,0,ACTUAL
9/3/2014,1243,CRLS,0,ACTUAL
9/4/2014,1243,CRLS,0,ACTUAL
9/5/2014,1243,CRLS,0,ACTUAL
9/6/2014,1243,CRLS,0,ACTUAL
9/7/2014,1243,CRLS,0,ACTUAL
9/8/2014,1243,CRLS,8,ACTUAL
9/9/2014,1243,CRLS,4,ACTUAL
9/10/2014,1243,CRLS,0,ACTUAL
9/11/2014,1243,CRLS,0,ACTUAL
9/12/2014,1243,CRLS,6,ACTUAL
9/13/2014,1243,CRLS,13,ACTUAL
9/14/2014,1243,CRLS,0,ACTUAL
9/15/2014,1243,CRLS,0,ACTUAL
9/16/2014,1243,CRLS,5,ACTUAL
9/17/2014,1243,CRLS,0,ACTUAL
9/18/2014,1243,CRLS,0,ACTUAL
9/19/2014,1243,CRLS,0,ACTUAL
9/20/2014,1243,CRLS,11,ACTUAL
9/21/2014,1243,CRLS,0,ACTUAL
9/22/2014,1243,CRLS,0,ACTUAL
9/23/2014,1243,CRLS,8,ACTUAL
9/24/2014,1243,CRLS,0,ACTUAL
9/25/2014,1243,CRLS,0,ACTUAL
9/26/2014,1243,CRLS,0,ACTUAL
9/27/2014,1243,CRLS,9,ACTUAL
9/28/2014,1243,CRLS,0,ACTUAL
9/29/2014,1243,CRLS,0,ACTUAL
9/30/2014,1243,CRLS,3,ACTUAL
10/1/2014,1243,CRLS,0,ACTUAL
10/2/2014,1243,CRLS,0,ACTUAL
10/3/2014,1243,CRLS,0,ACTUAL
10/4/2014,1243,CRLS,0,ACTUAL
10/5/2014,1243,CRLS,9,ACTUAL
10/6/2014,1243,CRLS,6,ACTUAL
10/7/2014,1243,CRLS,0,ACTUAL
10/8/2014,1243,CRLS,0,ACTUAL
10/9/2014,1243,CRLS,0,ACTUAL
10/10/2014,1243,CRLS,0,ACTUAL
10/11/2014,1243,CRLS,0,ACTUAL
10/12/2014,1243,CRLS,0,ACTUAL
10/13/2014,1243,CRLS,0,ACTUAL
10/14/2014,1243,CRLS,5,ACTUAL
10/15/2014,1243,CRLS,0,ACTUAL
10/16/2014,1243,CRLS,0,ACTUAL
10/17/2014,1243,CRLS,0,ACTUAL
10/18/2014,1243,CRLS,7,ACTUAL
10/19/2014,1243,CRLS,0,ACTUAL
10/20/2014,1243,CRLS,0,ACTUAL
10/21/2014,1243,CRLS,6,ACTUAL
10/22/2014,1243,CRLS,0,ACTUAL
10/23/2014,1243,CRLS,0,ACTUAL
10/24/2014,1243,CRLS,0,ACTUAL
10/25/2014,1243,CRLS,6,ACTUAL
10/26/2014,1243,CRLS,0,ACTUAL
10/27/2014,1243,CRLS,0,ACTUAL
10/28/2014,1243,CRLS,8,ACTUAL
10/29/2014,1243,CRLS,0,ACTUAL
10/30/2014,1243,CRLS,3,ACTUAL
10/31/2014,1243,CRLS,0,ACTUAL
11/1/2014,1243,CRLS,4,ACTUAL
11/2/2014,1243,CRLS,0,ACTUAL
11/3/2014,1243,CRLS,6,ACTUAL
11/4/2014,1243,CRLS,0,ACTUAL
11/5/2014,1243,CRLS,0,ACTUAL
11/6/2014,1243,CRLS,0,ACTUAL
11/7/2014,1243,CRLS,0,ACTUAL
11/8/2014,1243,CRLS,0,ACTUAL
11/9/2014,1243,CRLS,3,ACTUAL
11/10/2014,1243,CRLS,6,ACTUAL
11/11/2014,1243,CRLS,7,ACTUAL
11/12/2014,1243,CRLS,0,ACTUAL
11/13/2014,1243,CRLS,0,ACTUAL
11/14/2014,1243,CRLS,0,ACTUAL
11/15/2014,1243,CRLS,3,ACTUAL
11/16/2014,1243,CRLS,0,ACTUAL
11/17/2014,1243,CRLS,0,ACTUAL
11/18/2014,1243,CRLS,4,ACTUAL
11/19/2014,1243,CRLS,0,ACTUAL
11/20/2014,1243,CRLS,3,ACTUAL
11/21/2014,1243,CRLS,0,ACTUAL
11/22/2014,1243,CRLS,7,ACTUAL
11/23/2014,1243,CRLS,0,ACTUAL
11/24/2014,1243,CRLS,0,ACTUAL
11/25/2014,1243,CRLS,7,ACTUAL
11/26/2014,1243,CRLS,0,ACTUAL
11/27/2014,1243,CRLS,1,ACTUAL
11/28/2014,1243,CRLS,0,ACTUAL
11/29/2014,1243,CRLS,8,ACTUAL
11/30/2014,1243,CRLS,0,ACTUAL
12/1/2014,1243,CRLS,0,ACTUAL
12/2/2014,1243,CRLS,0,ACTUAL
12/3/2014,1243,CRLS,0,ACTUAL
12/4/2014,1243,CRLS,4,ACTUAL
12/5/2014,1243,CRLS,0,ACTUAL
12/6/2014,1243,CRLS,0,ACTUAL
12/7/2014,1243,CRLS,8,ACTUAL
12/8/2014,1243,CRLS,0,ACTUAL
12/9/2014,1243,CRLS,0,ACTUAL
12/10/2014,1243,CRLS,0,ACTUAL
12/11/2014,1243,CRLS,0,ACTUAL
12/12/2014,1243,CRLS,0,ACTUAL
12/13/2014,1243,CRLS,11,ACTUAL
12/14/2014,1243,CRLS,0,ACTUAL
12/15/2014,1243,CRLS,0,ACTUAL
12/16/2014,1243,CRLS,10,ACTUAL
12/17/2014,1243,CRLS,0,ACTUAL
12/18/2014,1243,CRLS,0,ACTUAL
12/19/2014,1243,CRLS,0,ACTUAL
12/20/2014,1243,CRLS,11,ACTUAL
12/21/2014,1243,CRLS,0,ACTUAL
12/22/2014,1243,CRLS,0,ACTUAL
12/23/2014,1243,CRLS,6,ACTUAL
12/24/2014,1243,CRLS,0,ACTUAL
12/25/2014,1243,CRLS,0,ACTUAL
12/26/2014,1243,CRLS,0,ACTUAL
12/27/2014,1243,CRLS,9,ACTUAL
12/28/2014,1243,CRLS,0,ACTUAL
12/29/2014,1243,CRLS,0,ACTUAL
12/30/2014,1243,CRLS,8,ACTUAL
12/31/2014,1243,CRLS,0,ACTUAL
1/1/2015,1243,CRLS,0,ACTUAL
1/2/2015,1243,CRLS,0,ACTUAL
1/3/2015,1243,CRLS,0,ACTUAL
1/4/2015,1243,CRLS,0,ACTUAL
1/5/2015,1243,CRLS,0,ACTUAL
1/6/2015,1243,CRLS,0,ACTUAL
1/7/2015,1243,CRLS,0,ACTUAL
1/8/2015,1243,CRLS,11,ACTUAL
1/9/2015,1243,CRLS,7,ACTUAL
1/10/2015,1243,CRLS,0,ACTUAL
1/11/2015,1243,CRLS,0,ACTUAL
1/12/2015,1243,CRLS,7,ACTUAL
1/13/2015,1243,CRLS,6,ACTUAL
1/14/2015,1243,CRLS,0,ACTUAL
1/15/2015,1243,CRLS,4,ACTUAL
1/16/2015,1243,CRLS,0,ACTUAL
1/17/2015,1243,CRLS,11,ACTUAL
1/18/2015,1243,CRLS,0,ACTUAL
1/19/2015,1243,CRLS,0,ACTUAL
1/20/2015,1243,CRLS,4,ACTUAL
1/21/2015,1243,CRLS,0,ACTUAL
1/22/2015,1243,CRLS,1,ACTUAL
1/23/2015,1243,CRLS,0,ACTUAL
1/24/2015,1243,CRLS,7,ACTUAL
1/25/2015,1243,CRLS,0,ACTUAL
1/26/2015,1243,CRLS,0,ACTUAL
1/27/2015,1243,CRLS,7,ACTUAL
1/28/2015,1243,CRLS,0,ACTUAL
1/29/2015,1243,CRLS,0,ACTUAL
1/30/2015,1243,CRLS,0,ACTUAL
1/31/2015,1243,CRLS,9,ACTUAL
2/1/2015,1243,CRLS,0,ACTUAL
2/2/2015,1243,CRLS,0,ACTUAL
2/3/2015,1243,CRLS,0,ACTUAL
2/4/2015,1243,CRLS,0,ACTUAL
2/5/2015,1243,CRLS,11,ACTUAL
2/6/2015,1243,CRLS,6,ACTUAL
2/7/2015,1243,CRLS,0,ACTUAL
2/8/2015,1243,CRLS,0,ACTUAL
2/9/2015,1243,CRLS,0,ACTUAL
2/10/2015,1243,CRLS,0,ACTUAL
2/11/2015,1243,CRLS,0,ACTUAL
2/12/2015,1243,CRLS,0,ACTUAL
2/13/2015,1243,CRLS,0,ACTUAL
2/14/2015,1243,CRLS,7,ACTUAL
2/15/2015,1243,CRLS,0,ACTUAL
2/16/2015,1243,CRLS,0,ACTUAL
2/17/2015,1243,CRLS,7,ACTUAL
2/18/2015,1243,CRLS,0,ACTUAL
2/19/2015,1243,CRLS,0,ACTUAL
2/20/2015,1243,CRLS,0,ACTUAL
2/21/2015,1243,CRLS,0,ACTUAL
2/22/2015,1243,CRLS,0,ACTUAL
2/23/2015,1243,CRLS,0,ACTUAL
2/24/2015,1243,CRLS,8,ACTUAL
2/25/2015,1243,CRLS,0,ACTUAL
2/26/2015,1243,CRLS,0,ACTUAL
2/27/2015,1243,CRLS,0,ACTUAL
2/28/2015,1243,CRLS,3,ACTUAL
3/1/2015,1243,CRLS,11,ACTUAL
3/2/2015,1243,CRLS,7,ACTUAL
3/3/2015,1243,CRLS,7,ACTUAL
3/4/2015,1243,CRLS,0,ACTUAL
3/5/2015,1243,CRLS,0,ACTUAL
3/6/2015,1243,CRLS,0,ACTUAL
3/7/2015,1243,CRLS,0,ACTUAL
3/8/2015,1243,CRLS,0,ACTUAL
3/9/2015,1243,CRLS,1,ACTUAL
3/10/2015,1243,CRLS,9,ACTUAL
3/11/2015,1243,CRLS,8,ACTUAL
3/12/2015,1243,CRLS,3,ACTUAL
3/13/2015,1243,CRLS,0,ACTUAL
3/14/2015,1243,CRLS,7,ACTUAL
3/15/2015,1243,CRLS,0,ACTUAL
3/16/2015,1243,CRLS,0,ACTUAL
3/17/2015,1243,CRLS,7,ACTUAL
3/18/2015,1243,CRLS,0,ACTUAL
3/19/2015,1243,CRLS,0,ACTUAL
3/20/2015,1243,CRLS,0,ACTUAL
3/21/2015,1243,CRLS,11,ACTUAL
3/22/2015,1243,CRLS,0,ACTUAL
3/23/2015,1243,CRLS,0,ACTUAL
3/24/2015,1243,CRLS,8,ACTUAL
3/25/2015,1243,CRLS,0,ACTUAL
3/26/2015,1243,CRLS,0,ACTUAL
3/27/2015,1243,CRLS,0,ACTUAL
3/28/2015,1243,CRLS,8,ACTUAL
3/29/2015,1243,CRLS,0,ACTUAL
3/30/2015,1243,CRLS,0,ACTUAL
3/31/2015,1243,CRLS,6,ACTUAL
4/1/2015,1243,CRLS,0,ACTUAL
4/2/2015,1243,CRLS,0,ACTUAL
4/3/2015,1243,CRLS,0,ACTUAL
4/4/2015,1243,CRLS,3,ACTUAL
4/5/2015,1243,CRLS,0,ACTUAL
4/6/2015,1243,CRLS,0,ACTUAL
4/7/2015,1243,CRLS,9,ACTUAL
4/8/2015,1243,CRLS,4,ACTUAL
4/9/2015,1243,CRLS,0,ACTUAL
4/10/2015,1243,CRLS,0,ACTUAL
4/11/2015,1243,CRLS,0,ACTUAL
4/12/2015,1243,CRLS,0,ACTUAL
4/13/2015,1243,CRLS,0,ACTUAL
4/14/2015,1243,CRLS,6,ACTUAL
4/15/2015,1243,CRLS,0,ACTUAL
4/16/2015,1243,CRLS,3,ACTUAL
4/17/2015,1243,CRLS,0,ACTUAL
4/18/2015,1243,CRLS,4,ACTUAL
4/19/2015,1243,CRLS,0,ACTUAL
4/20/2015,1243,CRLS,0,ACTUAL
4/21/2015,1243,CRLS,4,ACTUAL
4/22/2015,1243,CRLS,0,ACTUAL
4/23/2015,1243,CRLS,0,ACTUAL
4/24/2015,1243,CRLS,0,ACTUAL
4/25/2015,1243,CRLS,9,ACTUAL
4/26/2015,1243,CRLS,0,ACTUAL
4/27/2015,1243,CRLS,0,ACTUAL
4/28/2015,1243,CRLS,6,ACTUAL
4/29/2015,1243,CRLS,0,ACTUAL
4/30/2015,1243,CRLS,0,ACTUAL
5/1/2015,1243,CRLS,0,ACTUAL
5/2/2015,1243,CRLS,0,ACTUAL
5/3/2015,1243,CRLS,0,ACTUAL
5/4/2015,1243,CRLS,0,ACTUAL
5/5/2015,1243,CRLS,6,ACTUAL
5/6/2015,1243,CRLS,0,ACTUAL
5/7/2015,1243,CRLS,0,ACTUAL
5/8/2015,1243,CRLS,0,ACTUAL
5/9/2015,1243,CRLS,8,ACTUAL
5/10/2015,1243,CRLS,0,ACTUAL
5/11/2015,1243,CRLS,3,ACTUAL
5/12/2015,1243,CRLS,11,ACTUAL
5/13/2015,1243,CRLS,0,ACTUAL
5/14/2015,1243,CRLS,0,ACTUAL
5/15/2015,1243,CRLS,0,ACTUAL
5/16/2015,1243,CRLS,11,ACTUAL
5/17/2015,1243,CRLS,0,ACTUAL
5/18/2015,1243,CRLS,0,ACTUAL
5/19/2015,1243,CRLS,7,ACTUAL
5/20/2015,1243,CRLS,0,ACTUAL
5/21/2015,1243,CRLS,0,ACTUAL
5/22/2015,1243,CRLS,0,ACTUAL
5/23/2015,1243,CRLS,11,ACTUAL
5/24/2015,1243,CRLS,0,ACTUAL
5/25/2015,1243,CRLS,0,ACTUAL
5/26/2015,1243,CRLS,7,ACTUAL
5/27/2015,1243,CRLS,0,ACTUAL
5/28/2015,1243,CRLS,0,ACTUAL
5/29/2015,1243,CRLS,0,ACTUAL
5/30/2015,1243,CRLS,9,ACTUAL
5/31/2015,1243,CRLS,0,ACTUAL
6/1/2015,1243,CRLS,7,ACTUAL
6/2/2015,1243,CRLS,0,ACTUAL
6/3/2015,1243,CRLS,0,ACTUAL
6/4/2015,1243,CRLS,0,ACTUAL
6/5/2015,1243,CRLS,0,ACTUAL
6/6/2015,1243,CRLS,8,ACTUAL
6/7/2015,1243,CRLS,0,ACTUAL
6/8/2015,1243,CRLS,1,ACTUAL
6/9/2015,1243,CRLS,0,ACTUAL
6/10/2015,1243,CRLS,7,ACTUAL
6/11/2015,1243,CRLS,0,ACTUAL
6/12/2015,1243,CRLS,0,ACTUAL
6/13/2015,1243,CRLS,5,ACTUAL
6/14/2015,1243,CRLS,0,ACTUAL
6/15/2015,1243,CRLS,0,ACTUAL
6/16/2015,1243,CRLS,6,ACTUAL
6/17/2015,1243,CRLS,0,ACTUAL
6/18/2015,1243,CRLS,0,ACTUAL
6/19/2015,1243,CRLS,0,ACTUAL
6/20/2015,1243,CRLS,9,ACTUAL
6/21/2015,1243,CRLS,0,ACTUAL
6/22/2015,1243,CRLS,0,ACTUAL
6/23/2015,1243,CRLS,7,ACTUAL
6/24/2015,1243,CRLS,0,ACTUAL
6/25/2015,1243,CRLS,0,ACTUAL
6/26/2015,1243,CRLS,0,ACTUAL
6/27/2015,1243,CRLS,5,ACTUAL
6/28/2015,1243,CRLS,0,ACTUAL
6/29/2015,1243,CRLS,0,ACTUAL
6/30/2015,1243,CRLS,6,ACTUAL
7/1/2015,1243,CRLS,0,ACTUAL
7/2/2015,1243,CRLS,9,ACTUAL
7/3/2015,1243,CRLS,6,ACTUAL
7/4/2015,1243,CRLS,4,ACTUAL
7/5/2015,1243,CRLS,0,ACTUAL
7/6/2015,1243,CRLS,0,ACTUAL
7/7/2015,1243,CRLS,6,ACTUAL
7/8/2015,1243,CRLS,0,ACTUAL
7/9/2015,1243,CRLS,0,ACTUAL
7/10/2015,1243,CRLS,0,ACTUAL
7/11/2015,1243,CRLS,3,ACTUAL
7/12/2015,1243,CRLS,0,ACTUAL
7/13/2015,1243,CRLS,0,ACTUAL
7/14/2015,1243,CRLS,7,ACTUAL
7/15/2015,1243,CRLS,0,ACTUAL
7/16/2015,1243,CRLS,1,ACTUAL
7/17/2015,1243,CRLS,0,ACTUAL
7/18/2015,1243,CRLS,6,ACTUAL
7/19/2015,1243,CRLS,0,ACTUAL
7/20/2015,1243,CRLS,0,ACTUAL
7/21/2015,1243,CRLS,7,ACTUAL
7/22/2015,1243,CRLS,0,ACTUAL
7/23/2015,1243,CRLS,0,ACTUAL
7/24/2015,1243,CRLS,0,ACTUAL
7/25/2015,1243,CRLS,11,ACTUAL
7/26/2015,1243,CRLS,0,ACTUAL
7/27/2015,1243,CRLS,0,ACTUAL
7/28/2015,1243,CRLS,6,ACTUAL
7/29/2015,1243,CRLS,0,ACTUAL
7/30/2015,1243,CRLS,0,ACTUAL
7/31/2015,1243,CRLS,0,ACTUAL
8/1/2015,1243,CRLS,0,ACTUAL
8/2/2015,1243,CRLS,0,ACTUAL
8/3/2015,1243,CRLS,0,ACTUAL
8/4/2015,1243,CRLS,0,ACTUAL
8/5/2015,1243,CRLS,0,ACTUAL
8/6/2015,1243,CRLS,0,ACTUAL
8/7/2015,1243,CRLS,0,ACTUAL
8/8/2015,1243,CRLS,4,ACTUAL
8/9/2015,1243,CRLS,7,ACTUAL
8/10/2015,1243,CRLS,0,ACTUAL
8/11/2015,1243,CRLS,0,ACTUAL
8/12/2015,1243,CRLS,7,ACTUAL
8/13/2015,1243,CRLS,0,ACTUAL
8/14/2015,1243,CRLS,0,ACTUAL
8/15/2015,1243,CRLS,6,ACTUAL
8/16/2015,1243,CRLS,0,ACTUAL
8/17/2015,1243,CRLS,0,ACTUAL
8/18/2015,1243,CRLS,8,ACTUAL
8/19/2015,1243,CRLS,0,ACTUAL
8/20/2015,1243,CRLS,0,ACTUAL
8/21/2015,1243,CRLS,0,ACTUAL
8/22/2015,1243,CRLS,9,ACTUAL
8/23/2015,1243,CRLS,0,ACTUAL
8/24/2015,1243,CRLS,0,ACTUAL
8/25/2015,1243,CRLS,6,ACTUAL
8/26/2015,1243,CRLS,0,ACTUAL
8/27/2015,1243,CRLS,3,ACTUAL
8/28/2015,1243,CRLS,0,ACTUAL
8/29/2015,1243,CRLS,4,ACTUAL
8/30/2015,1243,CRLS,0,ACTUAL
8/31/2015,1243,CRLS,0,ACTUAL
9/1/2015,1243,CRLS,0,ACTUAL
9/2/2015,1243,CRLS,0,ACTUAL
9/3/2015,1243,CRLS,0,ACTUAL
9/4/2015,1243,CRLS,0,ACTUAL
9/5/2015,1243,CRLS,11,ACTUAL
9/6/2015,1243,CRLS,6,ACTUAL
9/7/2015,1243,CRLS,3,ACTUAL
9/8/2015,1243,CRLS,0,ACTUAL
9/9/2015,1243,CRLS,0,ACTUAL
9/10/2015,1243,CRLS,0,ACTUAL
9/11/2015,1243,CRLS,0,ACTUAL
9/12/2015,1243,CRLS,0,ACTUAL
9/13/2015,1243,CRLS,0,ACTUAL
9/14/2015,1243,CRLS,0,ACTUAL
9/15/2015,1243,CRLS,7,ACTUAL
9/16/2015,1243,CRLS,0,ACTUAL
9/17/2015,1243,CRLS,0,ACTUAL
9/18/2015,1243,CRLS,0,ACTUAL
9/19/2015,1243,CRLS,5,ACTUAL
9/20/2015,1243,CRLS,0,ACTUAL
9/21/2015,1243,CRLS,0,ACTUAL
9/22/2015,1243,CRLS,7,ACTUAL
9/23/2015,1243,CRLS,0,ACTUAL
9/24/2015,1243,CRLS,0,ACTUAL
9/25/2015,1243,CRLS,0,ACTUAL
9/26/2015,1243,CRLS,8,ACTUAL
9/27/2015,1243,CRLS,0,ACTUAL
9/28/2015,1243,CRLS,0,ACTUAL
9/29/2015,1243,CRLS,6,ACTUAL
9/30/2015,1243,CRLS,0,ACTUAL
10/1/2015,1243,CRLS,9,ACTUAL
10/2/2015,1243,CRLS,8,ACTUAL
10/3/2015,1243,CRLS,7,ACTUAL
10/4/2015,1243,CRLS,0,ACTUAL
10/5/2015,1243,CRLS,0,ACTUAL
10/6/2015,1243,CRLS,0,ACTUAL
10/7/2015,1243,CRLS,0,ACTUAL
10/8/2015,1243,CRLS,0,ACTUAL
10/9/2015,1243,CRLS,0,ACTUAL
10/10/2015,1243,CRLS,9,ACTUAL
10/11/2015,1243,CRLS,8,ACTUAL
10/12/2015,1243,CRLS,0,ACTUAL
10/13/2015,1243,CRLS,7,ACTUAL
10/14/2015,1243,CRLS,0,ACTUAL
10/15/2015,1243,CRLS,0,ACTUAL
10/16/2015,1243,CRLS,0,ACTUAL
10/17/2015,1243,CRLS,0,ACTUAL
10/18/2015,1243,CRLS,0,ACTUAL
10/19/2015,1243,CRLS,0,ACTUAL
10/20/2015,1243,CRLS,0,ACTUAL
10/21/2015,1243,CRLS,0,ACTUAL
10/22/2015,1243,CRLS,0,ACTUAL
10/23/2015,1243,CRLS,0,ACTUAL
10/24/2015,1243,CRLS,5,ACTUAL
10/25/2015,1243,CRLS,0,ACTUAL
10/26/2015,1243,CRLS,0,ACTUAL
10/27/2015,1243,CRLS,6,ACTUAL
10/28/2015,1243,CRLS,0,ACTUAL
10/29/2015,1243,CRLS,0,ACTUAL
10/30/2015,1243,CRLS,0,ACTUAL
10/31/2015,1243,CRLS,9,ACTUAL
11/1/2015,1243,CRLS,0,ACTUAL
11/2/2015,1243,CRLS,0,ACTUAL
11/3/2015,1243,CRLS,0,ACTUAL
11/4/2015,1243,CRLS,9,ACTUAL
11/5/2015,1243,CRLS,0,ACTUAL
11/6/2015,1243,CRLS,0,ACTUAL
11/7/2015,1243,CRLS,8,ACTUAL
11/8/2015,1243,CRLS,7,ACTUAL
11/9/2015,1243,CRLS,0,ACTUAL
11/10/2015,1243,CRLS,0,ACTUAL
11/11/2015,1243,CRLS,0,ACTUAL
11/12/2015,1243,CRLS,0,ACTUAL
11/13/2015,1243,CRLS,0,ACTUAL
11/14/2015,1243,CRLS,2,ACTUAL
11/15/2015,1243,CRLS,0,ACTUAL
11/16/2015,1243,CRLS,0,ACTUAL
11/17/2015,1243,CRLS,6,ACTUAL
11/18/2015,1243,CRLS,0,ACTUAL
11/19/2015,1243,CRLS,0,ACTUAL
11/20/2015,1243,CRLS,0,ACTUAL
11/21/2015,1243,CRLS,9,ACTUAL
11/22/2015,1243,CRLS,0,ACTUAL
11/23/2015,1243,CRLS,0,ACTUAL
11/24/2015,1243,CRLS,6,ACTUAL
11/25/2015,1243,CRLS,0,ACTUAL
11/26/2015,1243,CRLS,4,ACTUAL
11/27/2015,1243,CRLS,0,ACTUAL
11/28/2015,1243,CRLS,9,ACTUAL
11/29/2015,1243,CRLS,0,ACTUAL
11/30/2015,1243,CRLS,0,ACTUAL
12/1/2015,1243,CRLS,0,ACTUAL
12/2/2015,1243,CRLS,4,ACTUAL
12/3/2015,1243,CRLS,0,ACTUAL
12/4/2015,1243,CRLS,0,ACTUAL
12/5/2015,1243,CRLS,7,ACTUAL
12/6/2015,1243,CRLS,0,ACTUAL
12/7/2015,1243,CRLS,0,ACTUAL
12/8/2015,1243,CRLS,0,ACTUAL
12/9/2015,1243,CRLS,6,ACTUAL
12/10/2015,1243,CRLS,0,ACTUAL
12/11/2015,1243,CRLS,0,ACTUAL
12/12/2015,1243,CRLS,4,ACTUAL
12/13/2015,1243,CRLS,0,ACTUAL
12/14/2015,1243,CRLS,0,ACTUAL
12/15/2015,1243,CRLS,7,ACTUAL
12/16/2015,1243,CRLS,0,ACTUAL
12/17/2015,1243,CRLS,3,ACTUAL
12/18/2015,1243,CRLS,0,ACTUAL
12/19/2015,1243,CRLS,4,ACTUAL
12/20/2015,1243,CRLS,0,ACTUAL
12/21/2015,1243,CRLS,0,ACTUAL
12/22/2015,1243,CRLS,6,ACTUAL
12/23/2015,1243,CRLS,0,ACTUAL
12/24/2015,1243,CRLS,0,ACTUAL
12/25/2015,1243,CRLS,0,ACTUAL
12/26/2015,1243,CRLS,0,ACTUAL
12/27/2015,1243,CRLS,0,ACTUAL
12/28/2015,1243,CRLS,0,ACTUAL
12/29/2015,1243,CRLS,7,ACTUAL
12/30/2015,1243,CRLS,0,ACTUAL
12/31/2015,1243,CRLS,0,ACTUAL
1/1/2016,1243,CRLS,0,ACTUAL
1/2/2016,1243,CRLS,0,ACTUAL
1/3/2016,1243,CRLS,8,ACTUAL
1/4/2016,1243,CRLS,0,ACTUAL
1/5/2016,1243,CRLS,0,ACTUAL
1/6/2016,1243,CRLS,0,ACTUAL
1/7/2016,1243,CRLS,0,ACTUAL
1/8/2016,1243,CRLS,0,ACTUAL
1/9/2016,1243,CRLS,4,ACTUAL
1/10/2016,1243,CRLS,8,ACTUAL
1/11/2016,1243,CRLS,0,ACTUAL
1/12/2016,1243,CRLS,0,ACTUAL
1/13/2016,1243,CRLS,0,ACTUAL
1/14/2016,1243,CRLS,1,ACTUAL
1/3/2014,5667,CRLS,19,ACTUAL
1/4/2014,5667,CRLS,16,ACTUAL
1/5/2014,5667,CRLS,13,ACTUAL
1/6/2014,5667,CRLS,0,ACTUAL
1/7/2014,5667,CRLS,18,ACTUAL
1/8/2014,5667,CRLS,0,ACTUAL
1/9/2014,5667,CRLS,0,ACTUAL
1/10/2014,5667,CRLS,0,ACTUAL
1/11/2014,5667,CRLS,26,ACTUAL
1/12/2014,5667,CRLS,0,ACTUAL
1/13/2014,5667,CRLS,0,ACTUAL
1/14/2014,5667,CRLS,17,ACTUAL
1/15/2014,5667,CRLS,0,ACTUAL
1/16/2014,5667,CRLS,0,ACTUAL
1/17/2014,5667,CRLS,0,ACTUAL
1/18/2014,5667,CRLS,19,ACTUAL
1/19/2014,5667,CRLS,0,ACTUAL
1/20/2014,5667,CRLS,0,ACTUAL
1/21/2014,5667,CRLS,10,ACTUAL
1/22/2014,5667,CRLS,0,ACTUAL
1/23/2014,5667,CRLS,7,ACTUAL
1/24/2014,5667,CRLS,0,ACTUAL
1/25/2014,5667,CRLS,26,ACTUAL
1/26/2014,5667,CRLS,0,ACTUAL
1/27/2014,5667,CRLS,0,ACTUAL
1/28/2014,5667,CRLS,20,ACTUAL
1/29/2014,5667,CRLS,0,ACTUAL
1/30/2014,5667,CRLS,13,ACTUAL
1/31/2014,5667,CRLS,0,ACTUAL
2/1/2014,5667,CRLS,7,ACTUAL
2/2/2014,5667,CRLS,0,ACTUAL
2/3/2014,5667,CRLS,0,ACTUAL
2/4/2014,5667,CRLS,0,ACTUAL
2/5/2014,5667,CRLS,0,ACTUAL
2/6/2014,5667,CRLS,0,ACTUAL
2/7/2014,5667,CRLS,0,ACTUAL
2/8/2014,5667,CRLS,26,ACTUAL
2/9/2014,5667,CRLS,13,ACTUAL
2/10/2014,5667,CRLS,13,ACTUAL
2/11/2014,5667,CRLS,0,ACTUAL
2/12/2014,5667,CRLS,12,ACTUAL
2/13/2014,5667,CRLS,4,ACTUAL
2/14/2014,5667,CRLS,0,ACTUAL
2/15/2014,5667,CRLS,26,ACTUAL
2/16/2014,5667,CRLS,0,ACTUAL
2/17/2014,5667,CRLS,0,ACTUAL
2/18/2014,5667,CRLS,18,ACTUAL
2/19/2014,5667,CRLS,0,ACTUAL
2/20/2014,5667,CRLS,8,ACTUAL
2/21/2014,5667,CRLS,0,ACTUAL
2/22/2014,5667,CRLS,26,ACTUAL
2/23/2014,5667,CRLS,0,ACTUAL
2/24/2014,5667,CRLS,0,ACTUAL
2/25/2014,5667,CRLS,12,ACTUAL
2/26/2014,5667,CRLS,0,ACTUAL
2/27/2014,5667,CRLS,13,ACTUAL
2/28/2014,5667,CRLS,0,ACTUAL
3/1/2014,5667,CRLS,0,ACTUAL
3/2/2014,5667,CRLS,0,ACTUAL
3/3/2014,5667,CRLS,0,ACTUAL
3/4/2014,5667,CRLS,13,ACTUAL
3/5/2014,5667,CRLS,29,ACTUAL
3/6/2014,5667,CRLS,20,ACTUAL
3/7/2014,5667,CRLS,8,ACTUAL
3/8/2014,5667,CRLS,0,ACTUAL
3/9/2014,5667,CRLS,0,ACTUAL
3/10/2014,5667,CRLS,0,ACTUAL
3/11/2014,5667,CRLS,0,ACTUAL
3/12/2014,5667,CRLS,0,ACTUAL
3/13/2014,5667,CRLS,13,ACTUAL
3/14/2014,5667,CRLS,0,ACTUAL
3/15/2014,5667,CRLS,26,ACTUAL
3/16/2014,5667,CRLS,0,ACTUAL
3/17/2014,5667,CRLS,0,ACTUAL
3/18/2014,5667,CRLS,15,ACTUAL
3/19/2014,5667,CRLS,0,ACTUAL
3/20/2014,5667,CRLS,8,ACTUAL
3/21/2014,5667,CRLS,0,ACTUAL
3/22/2014,5667,CRLS,26,ACTUAL
3/23/2014,5667,CRLS,0,ACTUAL
3/24/2014,5667,CRLS,0,ACTUAL
3/25/2014,5667,CRLS,10,ACTUAL
3/26/2014,5667,CRLS,0,ACTUAL
3/27/2014,5667,CRLS,13,ACTUAL
3/28/2014,5667,CRLS,0,ACTUAL
3/29/2014,5667,CRLS,26,ACTUAL
3/30/2014,5667,CRLS,0,ACTUAL
3/31/2014,5667,CRLS,0,ACTUAL
4/1/2014,5667,CRLS,26,ACTUAL
4/2/2014,5667,CRLS,20,ACTUAL
4/3/2014,5667,CRLS,10,ACTUAL
4/4/2014,5667,CRLS,0,ACTUAL
4/5/2014,5667,CRLS,0,ACTUAL
4/6/2014,5667,CRLS,0,ACTUAL
4/7/2014,5667,CRLS,0,ACTUAL
4/8/2014,5667,CRLS,0,ACTUAL
4/9/2014,5667,CRLS,8,ACTUAL
4/10/2014,5667,CRLS,25,ACTUAL
4/11/2014,5667,CRLS,16,ACTUAL
4/12/2014,5667,CRLS,8,ACTUAL
4/13/2014,5667,CRLS,0,ACTUAL
4/14/2014,5667,CRLS,0,ACTUAL
4/15/2014,5667,CRLS,17,ACTUAL
4/16/2014,5667,CRLS,0,ACTUAL
4/17/2014,5667,CRLS,13,ACTUAL
4/18/2014,5667,CRLS,0,ACTUAL
4/19/2014,5667,CRLS,24,ACTUAL
4/20/2014,5667,CRLS,0,ACTUAL
4/21/2014,5667,CRLS,0,ACTUAL
4/22/2014,5667,CRLS,20,ACTUAL
4/23/2014,5667,CRLS,0,ACTUAL
4/24/2014,5667,CRLS,13,ACTUAL
4/25/2014,5667,CRLS,0,ACTUAL
4/26/2014,5667,CRLS,36,ACTUAL
4/27/2014,5667,CRLS,0,ACTUAL
4/28/2014,5667,CRLS,0,ACTUAL
4/29/2014,5667,CRLS,10,ACTUAL
4/30/2014,5667,CRLS,0,ACTUAL
5/1/2014,5667,CRLS,0,ACTUAL
5/2/2014,5667,CRLS,0,ACTUAL
5/3/2014,5667,CRLS,0,ACTUAL
5/4/2014,5667,CRLS,26,ACTUAL
5/5/2014,5667,CRLS,0,ACTUAL
5/6/2014,5667,CRLS,4,ACTUAL
5/7/2014,5667,CRLS,26,ACTUAL
5/8/2014,5667,CRLS,20,ACTUAL
5/9/2014,5667,CRLS,0,ACTUAL
5/10/2014,5667,CRLS,0,ACTUAL
5/11/2014,5667,CRLS,0,ACTUAL
5/12/2014,5667,CRLS,0,ACTUAL
5/13/2014,5667,CRLS,0,ACTUAL
5/14/2014,5667,CRLS,0,ACTUAL
5/15/2014,5667,CRLS,13,ACTUAL
5/16/2014,5667,CRLS,0,ACTUAL
5/17/2014,5667,CRLS,29,ACTUAL
5/18/2014,5667,CRLS,0,ACTUAL
5/19/2014,5667,CRLS,0,ACTUAL
5/20/2014,5667,CRLS,13,ACTUAL
5/21/2014,5667,CRLS,0,ACTUAL
5/22/2014,5667,CRLS,9,ACTUAL
5/23/2014,5667,CRLS,0,ACTUAL
5/24/2014,5667,CRLS,25,ACTUAL
5/25/2014,5667,CRLS,0,ACTUAL
5/26/2014,5667,CRLS,0,ACTUAL
5/27/2014,5667,CRLS,12,ACTUAL
5/28/2014,5667,CRLS,0,ACTUAL
5/29/2014,5667,CRLS,13,ACTUAL
5/30/2014,5667,CRLS,0,ACTUAL
5/31/2014,5667,CRLS,27,ACTUAL
6/1/2014,5667,CRLS,0,ACTUAL
6/2/2014,5667,CRLS,13,ACTUAL
6/3/2014,5667,CRLS,13,ACTUAL
6/4/2014,5667,CRLS,0,ACTUAL
6/5/2014,5667,CRLS,20,ACTUAL
6/6/2014,5667,CRLS,0,ACTUAL
6/7/2014,5667,CRLS,0,ACTUAL
6/8/2014,5667,CRLS,0,ACTUAL
6/9/2014,5667,CRLS,26,ACTUAL
6/10/2014,5667,CRLS,0,ACTUAL
6/11/2014,5667,CRLS,8,ACTUAL
6/12/2014,5667,CRLS,26,ACTUAL
6/13/2014,5667,CRLS,0,ACTUAL
6/14/2014,5667,CRLS,17,ACTUAL
6/15/2014,5667,CRLS,0,ACTUAL
6/16/2014,5667,CRLS,0,ACTUAL
6/17/2014,5667,CRLS,15,ACTUAL
6/18/2014,5667,CRLS,0,ACTUAL
6/19/2014,5667,CRLS,13,ACTUAL
6/20/2014,5667,CRLS,0,ACTUAL
6/21/2014,5667,CRLS,26,ACTUAL
6/22/2014,5667,CRLS,0,ACTUAL
6/23/2014,5667,CRLS,0,ACTUAL
6/24/2014,5667,CRLS,12,ACTUAL
6/25/2014,5667,CRLS,0,ACTUAL
6/26/2014,5667,CRLS,13,ACTUAL
6/27/2014,5667,CRLS,0,ACTUAL
6/28/2014,5667,CRLS,26,ACTUAL
6/29/2014,5667,CRLS,0,ACTUAL
6/30/2014,5667,CRLS,0,ACTUAL
7/1/2014,5667,CRLS,13,ACTUAL
7/2/2014,5667,CRLS,0,ACTUAL
7/3/2014,5667,CRLS,0,ACTUAL
7/4/2014,5667,CRLS,0,ACTUAL
7/5/2014,5667,CRLS,0,ACTUAL
7/6/2014,5667,CRLS,22,ACTUAL
7/7/2014,5667,CRLS,0,ACTUAL
7/8/2014,5667,CRLS,13,ACTUAL
7/9/2014,5667,CRLS,0,ACTUAL
7/10/2014,5667,CRLS,16,ACTUAL
7/11/2014,5667,CRLS,0,ACTUAL
7/12/2014,5667,CRLS,0,ACTUAL
7/13/2014,5667,CRLS,0,ACTUAL
7/14/2014,5667,CRLS,0,ACTUAL
7/15/2014,5667,CRLS,10,ACTUAL
7/16/2014,5667,CRLS,0,ACTUAL
7/17/2014,5667,CRLS,13,ACTUAL
7/18/2014,5667,CRLS,0,ACTUAL
7/19/2014,5667,CRLS,26,ACTUAL
7/20/2014,5667,CRLS,0,ACTUAL
7/21/2014,5667,CRLS,0,ACTUAL
7/22/2014,5667,CRLS,12,ACTUAL
7/23/2014,5667,CRLS,0,ACTUAL
7/24/2014,5667,CRLS,13,ACTUAL
7/25/2014,5667,CRLS,0,ACTUAL
7/26/2014,5667,CRLS,26,ACTUAL
7/27/2014,5667,CRLS,0,ACTUAL
7/28/2014,5667,CRLS,0,ACTUAL
7/29/2014,5667,CRLS,17,ACTUAL
7/30/2014,5667,CRLS,0,ACTUAL
7/31/2014,5667,CRLS,9,ACTUAL
8/1/2014,5667,CRLS,0,ACTUAL
8/2/2014,5667,CRLS,26,ACTUAL
8/3/2014,5667,CRLS,15,ACTUAL
8/4/2014,5667,CRLS,16,ACTUAL
8/5/2014,5667,CRLS,13,ACTUAL
8/6/2014,5667,CRLS,0,ACTUAL
8/7/2014,5667,CRLS,11,ACTUAL
8/8/2014,5667,CRLS,0,ACTUAL
8/9/2014,5667,CRLS,0,ACTUAL
8/10/2014,5667,CRLS,0,ACTUAL
8/11/2014,5667,CRLS,26,ACTUAL
8/12/2014,5667,CRLS,0,ACTUAL
8/13/2014,5667,CRLS,0,ACTUAL
8/14/2014,5667,CRLS,8,ACTUAL
8/15/2014,5667,CRLS,0,ACTUAL
8/16/2014,5667,CRLS,26,ACTUAL
8/17/2014,5667,CRLS,0,ACTUAL
8/18/2014,5667,CRLS,0,ACTUAL
8/19/2014,5667,CRLS,18,ACTUAL
8/20/2014,5667,CRLS,0,ACTUAL
8/21/2014,5667,CRLS,9,ACTUAL
8/22/2014,5667,CRLS,0,ACTUAL
8/23/2014,5667,CRLS,26,ACTUAL
8/24/2014,5667,CRLS,0,ACTUAL
8/25/2014,5667,CRLS,0,ACTUAL
8/26/2014,5667,CRLS,20,ACTUAL
8/27/2014,5667,CRLS,0,ACTUAL
8/28/2014,5667,CRLS,7,ACTUAL
8/29/2014,5667,CRLS,0,ACTUAL
8/30/2014,5667,CRLS,26,ACTUAL
8/31/2014,5667,CRLS,0,ACTUAL
9/1/2014,5667,CRLS,8,ACTUAL
9/2/2014,5667,CRLS,0,ACTUAL
9/3/2014,5667,CRLS,0,ACTUAL
9/4/2014,5667,CRLS,0,ACTUAL
9/5/2014,5667,CRLS,0,ACTUAL
9/6/2014,5667,CRLS,0,ACTUAL
9/7/2014,5667,CRLS,0,ACTUAL
9/8/2014,5667,CRLS,26,ACTUAL
9/9/2014,5667,CRLS,10,ACTUAL
9/10/2014,5667,CRLS,13,ACTUAL
9/11/2014,5667,CRLS,0,ACTUAL
9/12/2014,5667,CRLS,14,ACTUAL
9/13/2014,5667,CRLS,26,ACTUAL
9/14/2014,5667,CRLS,0,ACTUAL
9/15/2014,5667,CRLS,0,ACTUAL
9/16/2014,5667,CRLS,13,ACTUAL
9/17/2014,5667,CRLS,0,ACTUAL
9/18/2014,5667,CRLS,8,ACTUAL
9/19/2014,5667,CRLS,0,ACTUAL
9/20/2014,5667,CRLS,26,ACTUAL
9/21/2014,5667,CRLS,0,ACTUAL
9/22/2014,5667,CRLS,0,ACTUAL
9/23/2014,5667,CRLS,14,ACTUAL
9/24/2014,5667,CRLS,0,ACTUAL
9/25/2014,5667,CRLS,13,ACTUAL
9/26/2014,5667,CRLS,0,ACTUAL
9/27/2014,5667,CRLS,27,ACTUAL
9/28/2014,5667,CRLS,0,ACTUAL
9/29/2014,5667,CRLS,0,ACTUAL
9/30/2014,5667,CRLS,13,ACTUAL
10/1/2014,5667,CRLS,0,ACTUAL
10/2/2014,5667,CRLS,0,ACTUAL
10/3/2014,5667,CRLS,0,ACTUAL
10/4/2014,5667,CRLS,13,ACTUAL
10/5/2014,5667,CRLS,36,ACTUAL
10/6/2014,5667,CRLS,15,ACTUAL
10/7/2014,5667,CRLS,8,ACTUAL
10/8/2014,5667,CRLS,0,ACTUAL
10/9/2014,5667,CRLS,0,ACTUAL
10/10/2014,5667,CRLS,0,ACTUAL
10/11/2014,5667,CRLS,0,ACTUAL
10/12/2014,5667,CRLS,0,ACTUAL
10/13/2014,5667,CRLS,0,ACTUAL
10/14/2014,5667,CRLS,15,ACTUAL
10/15/2014,5667,CRLS,0,ACTUAL
10/16/2014,5667,CRLS,8,ACTUAL
10/17/2014,5667,CRLS,0,ACTUAL
10/18/2014,5667,CRLS,26,ACTUAL
10/19/2014,5667,CRLS,0,ACTUAL
10/20/2014,5667,CRLS,0,ACTUAL
10/21/2014,5667,CRLS,6,ACTUAL
10/22/2014,5667,CRLS,0,ACTUAL
10/23/2014,5667,CRLS,13,ACTUAL
10/24/2014,5667,CRLS,0,ACTUAL
10/25/2014,5667,CRLS,36,ACTUAL
10/26/2014,5667,CRLS,0,ACTUAL
10/27/2014,5667,CRLS,0,ACTUAL
10/28/2014,5667,CRLS,12,ACTUAL
10/29/2014,5667,CRLS,0,ACTUAL
10/30/2014,5667,CRLS,13,ACTUAL
10/31/2014,5667,CRLS,0,ACTUAL
11/1/2014,5667,CRLS,26,ACTUAL
11/2/2014,5667,CRLS,20,ACTUAL
11/3/2014,5667,CRLS,14,ACTUAL
11/4/2014,5667,CRLS,0,ACTUAL
11/5/2014,5667,CRLS,0,ACTUAL
11/6/2014,5667,CRLS,0,ACTUAL
11/7/2014,5667,CRLS,0,ACTUAL
11/8/2014,5667,CRLS,0,ACTUAL
11/9/2014,5667,CRLS,4,ACTUAL
11/10/2014,5667,CRLS,26,ACTUAL
11/11/2014,5667,CRLS,10,ACTUAL
11/12/2014,5667,CRLS,9,ACTUAL
11/13/2014,5667,CRLS,9,ACTUAL
11/14/2014,5667,CRLS,0,ACTUAL
11/15/2014,5667,CRLS,26,ACTUAL
11/16/2014,5667,CRLS,0,ACTUAL
11/17/2014,5667,CRLS,0,ACTUAL
11/18/2014,5667,CRLS,15,ACTUAL
11/19/2014,5667,CRLS,0,ACTUAL
11/20/2014,5667,CRLS,4,ACTUAL
11/21/2014,5667,CRLS,0,ACTUAL
11/22/2014,5667,CRLS,26,ACTUAL
11/23/2014,5667,CRLS,0,ACTUAL
11/24/2014,5667,CRLS,0,ACTUAL
11/25/2014,5667,CRLS,20,ACTUAL
11/26/2014,5667,CRLS,0,ACTUAL
11/27/2014,5667,CRLS,8,ACTUAL
11/28/2014,5667,CRLS,0,ACTUAL
11/29/2014,5667,CRLS,29,ACTUAL
11/30/2014,5667,CRLS,0,ACTUAL
12/1/2014,5667,CRLS,0,ACTUAL
12/2/2014,5667,CRLS,0,ACTUAL
12/3/2014,5667,CRLS,0,ACTUAL
12/4/2014,5667,CRLS,26,ACTUAL
12/5/2014,5667,CRLS,0,ACTUAL
12/6/2014,5667,CRLS,13,ACTUAL
12/7/2014,5667,CRLS,26,ACTUAL
12/8/2014,5667,CRLS,18,ACTUAL
12/9/2014,5667,CRLS,0,ACTUAL
12/10/2014,5667,CRLS,0,ACTUAL
12/11/2014,5667,CRLS,0,ACTUAL
12/12/2014,5667,CRLS,0,ACTUAL
12/13/2014,5667,CRLS,18,ACTUAL
12/14/2014,5667,CRLS,0,ACTUAL
12/15/2014,5667,CRLS,0,ACTUAL
12/16/2014,5667,CRLS,26,ACTUAL
12/17/2014,5667,CRLS,0,ACTUAL
12/18/2014,5667,CRLS,0,ACTUAL
12/19/2014,5667,CRLS,0,ACTUAL
12/20/2014,5667,CRLS,26,ACTUAL
12/21/2014,5667,CRLS,0,ACTUAL
12/22/2014,5667,CRLS,0,ACTUAL
12/23/2014,5667,CRLS,14,ACTUAL
12/24/2014,5667,CRLS,0,ACTUAL
12/25/2014,5667,CRLS,13,ACTUAL
12/26/2014,5667,CRLS,0,ACTUAL
12/27/2014,5667,CRLS,26,ACTUAL
12/28/2014,5667,CRLS,0,ACTUAL
12/29/2014,5667,CRLS,0,ACTUAL
12/30/2014,5667,CRLS,11,ACTUAL
12/31/2014,5667,CRLS,0,ACTUAL
1/1/2015,5667,CRLS,13,ACTUAL
1/2/2015,5667,CRLS,0,ACTUAL
1/3/2015,5667,CRLS,0,ACTUAL
1/4/2015,5667,CRLS,0,ACTUAL
1/5/2015,5667,CRLS,0,ACTUAL
1/6/2015,5667,CRLS,0,ACTUAL
1/7/2015,5667,CRLS,0,ACTUAL
1/8/2015,5667,CRLS,27,ACTUAL
1/9/2015,5667,CRLS,19,ACTUAL
1/10/2015,5667,CRLS,5,ACTUAL
1/11/2015,5667,CRLS,0,ACTUAL
1/12/2015,5667,CRLS,10,ACTUAL
1/13/2015,5667,CRLS,16,ACTUAL
1/14/2015,5667,CRLS,0,ACTUAL
1/15/2015,5667,CRLS,13,ACTUAL
1/16/2015,5667,CRLS,0,ACTUAL
1/17/2015,5667,CRLS,26,ACTUAL
1/18/2015,5667,CRLS,0,ACTUAL
1/19/2015,5667,CRLS,0,ACTUAL
1/20/2015,5667,CRLS,15,ACTUAL
1/21/2015,5667,CRLS,0,ACTUAL
1/22/2015,5667,CRLS,8,ACTUAL
1/23/2015,5667,CRLS,0,ACTUAL
1/24/2015,5667,CRLS,26,ACTUAL
1/25/2015,5667,CRLS,0,ACTUAL
1/26/2015,5667,CRLS,0,ACTUAL
1/27/2015,5667,CRLS,16,ACTUAL
1/28/2015,5667,CRLS,0,ACTUAL
1/29/2015,5667,CRLS,13,ACTUAL
1/30/2015,5667,CRLS,0,ACTUAL
1/31/2015,5667,CRLS,26,ACTUAL
2/1/2015,5667,CRLS,0,ACTUAL
2/2/2015,5667,CRLS,0,ACTUAL
2/3/2015,5667,CRLS,0,ACTUAL
2/4/2015,5667,CRLS,13,ACTUAL
2/5/2015,5667,CRLS,26,ACTUAL
2/6/2015,5667,CRLS,18,ACTUAL
2/7/2015,5667,CRLS,13,ACTUAL
2/8/2015,5667,CRLS,0,ACTUAL
2/9/2015,5667,CRLS,0,ACTUAL
2/10/2015,5667,CRLS,0,ACTUAL
2/11/2015,5667,CRLS,0,ACTUAL
2/12/2015,5667,CRLS,0,ACTUAL
2/13/2015,5667,CRLS,0,ACTUAL
2/14/2015,5667,CRLS,26,ACTUAL
2/15/2015,5667,CRLS,0,ACTUAL
2/16/2015,5667,CRLS,0,ACTUAL
2/17/2015,5667,CRLS,13,ACTUAL
2/18/2015,5667,CRLS,0,ACTUAL
2/19/2015,5667,CRLS,0,ACTUAL
2/20/2015,5667,CRLS,0,ACTUAL
2/21/2015,5667,CRLS,26,ACTUAL
2/22/2015,5667,CRLS,0,ACTUAL
2/23/2015,5667,CRLS,0,ACTUAL
2/24/2015,5667,CRLS,15,ACTUAL
2/25/2015,5667,CRLS,0,ACTUAL
2/26/2015,5667,CRLS,8,ACTUAL
2/27/2015,5667,CRLS,0,ACTUAL
2/28/2015,5667,CRLS,18,ACTUAL
3/1/2015,5667,CRLS,36,ACTUAL
3/2/2015,5667,CRLS,16,ACTUAL
3/3/2015,5667,CRLS,16,ACTUAL
3/4/2015,5667,CRLS,0,ACTUAL
3/5/2015,5667,CRLS,0,ACTUAL
3/6/2015,5667,CRLS,0,ACTUAL
3/7/2015,5667,CRLS,0,ACTUAL
3/8/2015,5667,CRLS,0,ACTUAL
3/9/2015,5667,CRLS,7,ACTUAL
3/10/2015,5667,CRLS,27,ACTUAL
3/11/2015,5667,CRLS,14,ACTUAL
3/12/2015,5667,CRLS,7,ACTUAL
3/13/2015,5667,CRLS,0,ACTUAL
3/14/2015,5667,CRLS,26,ACTUAL
3/15/2015,5667,CRLS,0,ACTUAL
3/16/2015,5667,CRLS,0,ACTUAL
3/17/2015,5667,CRLS,16,ACTUAL
3/18/2015,5667,CRLS,0,ACTUAL
3/19/2015,5667,CRLS,8,ACTUAL
3/20/2015,5667,CRLS,0,ACTUAL
3/21/2015,5667,CRLS,26,ACTUAL
3/22/2015,5667,CRLS,0,ACTUAL
3/23/2015,5667,CRLS,0,ACTUAL
3/24/2015,5667,CRLS,20,ACTUAL
3/25/2015,5667,CRLS,0,ACTUAL
3/26/2015,5667,CRLS,0,ACTUAL
3/27/2015,5667,CRLS,0,ACTUAL
3/28/2015,5667,CRLS,18,ACTUAL
3/29/2015,5667,CRLS,0,ACTUAL
3/30/2015,5667,CRLS,0,ACTUAL
3/31/2015,5667,CRLS,16,ACTUAL
4/1/2015,5667,CRLS,0,ACTUAL
4/2/2015,5667,CRLS,0,ACTUAL
4/3/2015,5667,CRLS,0,ACTUAL
4/4/2015,5667,CRLS,26,ACTUAL
4/5/2015,5667,CRLS,0,ACTUAL
4/6/2015,5667,CRLS,8,ACTUAL
4/7/2015,5667,CRLS,26,ACTUAL
4/8/2015,5667,CRLS,10,ACTUAL
4/9/2015,5667,CRLS,0,ACTUAL
4/10/2015,5667,CRLS,0,ACTUAL
4/11/2015,5667,CRLS,0,ACTUAL
4/12/2015,5667,CRLS,0,ACTUAL
4/13/2015,5667,CRLS,0,ACTUAL
4/14/2015,5667,CRLS,16,ACTUAL
4/15/2015,5667,CRLS,0,ACTUAL
4/16/2015,5667,CRLS,7,ACTUAL
4/17/2015,5667,CRLS,0,ACTUAL
4/18/2015,5667,CRLS,26,ACTUAL
4/19/2015,5667,CRLS,0,ACTUAL
4/20/2015,5667,CRLS,0,ACTUAL
4/21/2015,5667,CRLS,14,ACTUAL
4/22/2015,5667,CRLS,0,ACTUAL
4/23/2015,5667,CRLS,13,ACTUAL
4/24/2015,5667,CRLS,0,ACTUAL
4/25/2015,5667,CRLS,26,ACTUAL
4/26/2015,5667,CRLS,0,ACTUAL
4/27/2015,5667,CRLS,0,ACTUAL
4/28/2015,5667,CRLS,16,ACTUAL
4/29/2015,5667,CRLS,0,ACTUAL
4/30/2015,5667,CRLS,13,ACTUAL
5/1/2015,5667,CRLS,0,ACTUAL
5/2/2015,5667,CRLS,13,ACTUAL
5/3/2015,5667,CRLS,13,ACTUAL
5/4/2015,5667,CRLS,0,ACTUAL
5/5/2015,5667,CRLS,16,ACTUAL
5/6/2015,5667,CRLS,0,ACTUAL
5/7/2015,5667,CRLS,0,ACTUAL
5/8/2015,5667,CRLS,0,ACTUAL
5/9/2015,5667,CRLS,28,ACTUAL
5/10/2015,5667,CRLS,0,ACTUAL
5/11/2015,5667,CRLS,13,ACTUAL
5/12/2015,5667,CRLS,36,ACTUAL
5/13/2015,5667,CRLS,0,ACTUAL
5/14/2015,5667,CRLS,13,ACTUAL
5/15/2015,5667,CRLS,0,ACTUAL
5/16/2015,5667,CRLS,36,ACTUAL
5/17/2015,5667,CRLS,0,ACTUAL
5/18/2015,5667,CRLS,0,ACTUAL
5/19/2015,5667,CRLS,16,ACTUAL
5/20/2015,5667,CRLS,0,ACTUAL
5/21/2015,5667,CRLS,13,ACTUAL
5/22/2015,5667,CRLS,0,ACTUAL
5/23/2015,5667,CRLS,22,ACTUAL
5/24/2015,5667,CRLS,0,ACTUAL
5/25/2015,5667,CRLS,0,ACTUAL
5/26/2015,5667,CRLS,9,ACTUAL
5/27/2015,5667,CRLS,0,ACTUAL
5/28/2015,5667,CRLS,7,ACTUAL
5/29/2015,5667,CRLS,0,ACTUAL
5/30/2015,5667,CRLS,19,ACTUAL
5/31/2015,5667,CRLS,0,ACTUAL
6/1/2015,5667,CRLS,16,ACTUAL
6/2/2015,5667,CRLS,0,ACTUAL
6/3/2015,5667,CRLS,0,ACTUAL
6/4/2015,5667,CRLS,0,ACTUAL
6/5/2015,5667,CRLS,0,ACTUAL
6/6/2015,5667,CRLS,29,ACTUAL
6/7/2015,5667,CRLS,0,ACTUAL
6/8/2015,5667,CRLS,8,ACTUAL
6/9/2015,5667,CRLS,0,ACTUAL
6/10/2015,5667,CRLS,16,ACTUAL
6/11/2015,5667,CRLS,0,ACTUAL
6/12/2015,5667,CRLS,0,ACTUAL
6/13/2015,5667,CRLS,24,ACTUAL
6/14/2015,5667,CRLS,0,ACTUAL
6/15/2015,5667,CRLS,0,ACTUAL
6/16/2015,5667,CRLS,9,ACTUAL
6/17/2015,5667,CRLS,0,ACTUAL
6/18/2015,5667,CRLS,13,ACTUAL
6/19/2015,5667,CRLS,0,ACTUAL
6/20/2015,5667,CRLS,29,ACTUAL
6/21/2015,5667,CRLS,0,ACTUAL
6/22/2015,5667,CRLS,0,ACTUAL
6/23/2015,5667,CRLS,9,ACTUAL
6/24/2015,5667,CRLS,0,ACTUAL
6/25/2015,5667,CRLS,8,ACTUAL
6/26/2015,5667,CRLS,0,ACTUAL
6/27/2015,5667,CRLS,26,ACTUAL
6/28/2015,5667,CRLS,0,ACTUAL
6/29/2015,5667,CRLS,0,ACTUAL
6/30/2015,5667,CRLS,13,ACTUAL
7/1/2015,5667,CRLS,0,ACTUAL
7/2/2015,5667,CRLS,26,ACTUAL
7/3/2015,5667,CRLS,17,ACTUAL
7/4/2015,5667,CRLS,17,ACTUAL
7/5/2015,5667,CRLS,13,ACTUAL
7/6/2015,5667,CRLS,0,ACTUAL
7/7/2015,5667,CRLS,10,ACTUAL
7/8/2015,5667,CRLS,0,ACTUAL
7/9/2015,5667,CRLS,0,ACTUAL
7/10/2015,5667,CRLS,0,ACTUAL
7/11/2015,5667,CRLS,16,ACTUAL
7/12/2015,5667,CRLS,0,ACTUAL
7/13/2015,5667,CRLS,0,ACTUAL
7/14/2015,5667,CRLS,14,ACTUAL
7/15/2015,5667,CRLS,0,ACTUAL
7/16/2015,5667,CRLS,13,ACTUAL
7/17/2015,5667,CRLS,0,ACTUAL
7/18/2015,5667,CRLS,28,ACTUAL
7/19/2015,5667,CRLS,0,ACTUAL
7/20/2015,5667,CRLS,0,ACTUAL
7/21/2015,5667,CRLS,17,ACTUAL
7/22/2015,5667,CRLS,0,ACTUAL
7/23/2015,5667,CRLS,13,ACTUAL
7/24/2015,5667,CRLS,0,ACTUAL
7/25/2015,5667,CRLS,29,ACTUAL
7/26/2015,5667,CRLS,0,ACTUAL
7/27/2015,5667,CRLS,0,ACTUAL
7/28/2015,5667,CRLS,17,ACTUAL
7/29/2015,5667,CRLS,0,ACTUAL
7/30/2015,5667,CRLS,8,ACTUAL
7/31/2015,5667,CRLS,0,ACTUAL
8/1/2015,5667,CRLS,13,ACTUAL
8/2/2015,5667,CRLS,0,ACTUAL
8/3/2015,5667,CRLS,0,ACTUAL
8/4/2015,5667,CRLS,0,ACTUAL
8/5/2015,5667,CRLS,0,ACTUAL
8/6/2015,5667,CRLS,0,ACTUAL
8/7/2015,5667,CRLS,0,ACTUAL
8/8/2015,5667,CRLS,16,ACTUAL
8/9/2015,5667,CRLS,12,ACTUAL
8/10/2015,5667,CRLS,13,ACTUAL
8/11/2015,5667,CRLS,0,ACTUAL
8/12/2015,5667,CRLS,18,ACTUAL
8/13/2015,5667,CRLS,4,ACTUAL
8/14/2015,5667,CRLS,0,ACTUAL
8/15/2015,5667,CRLS,36,ACTUAL
8/16/2015,5667,CRLS,0,ACTUAL
8/17/2015,5667,CRLS,0,ACTUAL
8/18/2015,5667,CRLS,14,ACTUAL
8/19/2015,5667,CRLS,0,ACTUAL
8/20/2015,5667,CRLS,13,ACTUAL
8/21/2015,5667,CRLS,0,ACTUAL
8/22/2015,5667,CRLS,29,ACTUAL
8/23/2015,5667,CRLS,0,ACTUAL
8/24/2015,5667,CRLS,0,ACTUAL
8/25/2015,5667,CRLS,18,ACTUAL
8/26/2015,5667,CRLS,0,ACTUAL
8/27/2015,5667,CRLS,5,ACTUAL
8/28/2015,5667,CRLS,0,ACTUAL
8/29/2015,5667,CRLS,27,ACTUAL
8/30/2015,5667,CRLS,0,ACTUAL
8/31/2015,5667,CRLS,0,ACTUAL
9/1/2015,5667,CRLS,0,ACTUAL
9/2/2015,5667,CRLS,0,ACTUAL
9/3/2015,5667,CRLS,0,ACTUAL
9/4/2015,5667,CRLS,9,ACTUAL
9/5/2015,5667,CRLS,26,ACTUAL
9/6/2015,5667,CRLS,14,ACTUAL
9/7/2015,5667,CRLS,13,ACTUAL
9/8/2015,5667,CRLS,0,ACTUAL
9/9/2015,5667,CRLS,0,ACTUAL
9/10/2015,5667,CRLS,0,ACTUAL
9/11/2015,5667,CRLS,0,ACTUAL
9/12/2015,5667,CRLS,0,ACTUAL
9/13/2015,5667,CRLS,0,ACTUAL
9/14/2015,5667,CRLS,0,ACTUAL
9/15/2015,5667,CRLS,12,ACTUAL
9/16/2015,5667,CRLS,0,ACTUAL
9/17/2015,5667,CRLS,5,ACTUAL
9/18/2015,5667,CRLS,0,ACTUAL
9/19/2015,5667,CRLS,24,ACTUAL
9/20/2015,5667,CRLS,0,ACTUAL
9/21/2015,5667,CRLS,0,ACTUAL
9/22/2015,5667,CRLS,16,ACTUAL
9/23/2015,5667,CRLS,0,ACTUAL
9/24/2015,5667,CRLS,13,ACTUAL
9/25/2015,5667,CRLS,0,ACTUAL
9/26/2015,5667,CRLS,16,ACTUAL
9/27/2015,5667,CRLS,0,ACTUAL
9/28/2015,5667,CRLS,0,ACTUAL
9/29/2015,5667,CRLS,10,ACTUAL
9/30/2015,5667,CRLS,0,ACTUAL
10/1/2015,5667,CRLS,23,ACTUAL
10/2/2015,5667,CRLS,17,ACTUAL
10/3/2015,5667,CRLS,10,ACTUAL
10/4/2015,5667,CRLS,0,ACTUAL
10/5/2015,5667,CRLS,0,ACTUAL
10/6/2015,5667,CRLS,0,ACTUAL
10/7/2015,5667,CRLS,0,ACTUAL
10/8/2015,5667,CRLS,0,ACTUAL
10/9/2015,5667,CRLS,13,ACTUAL
10/10/2015,5667,CRLS,25,ACTUAL
10/11/2015,5667,CRLS,13,ACTUAL
10/12/2015,5667,CRLS,13,ACTUAL
10/13/2015,5667,CRLS,10,ACTUAL
10/14/2015,5667,CRLS,0,ACTUAL
10/15/2015,5667,CRLS,13,ACTUAL
10/16/2015,5667,CRLS,0,ACTUAL
10/17/2015,5667,CRLS,26,ACTUAL
10/18/2015,5667,CRLS,0,ACTUAL
10/19/2015,5667,CRLS,0,ACTUAL
10/20/2015,5667,CRLS,16,ACTUAL
10/21/2015,5667,CRLS,0,ACTUAL
10/22/2015,5667,CRLS,13,ACTUAL
10/23/2015,5667,CRLS,0,ACTUAL
10/24/2015,5667,CRLS,20,ACTUAL
10/25/2015,5667,CRLS,0,ACTUAL
10/26/2015,5667,CRLS,0,ACTUAL
10/27/2015,5667,CRLS,16,ACTUAL
10/28/2015,5667,CRLS,0,ACTUAL
10/29/2015,5667,CRLS,13,ACTUAL
10/30/2015,5667,CRLS,0,ACTUAL
10/31/2015,5667,CRLS,23,ACTUAL
11/1/2015,5667,CRLS,0,ACTUAL
11/2/2015,5667,CRLS,0,ACTUAL
11/3/2015,5667,CRLS,0,ACTUAL
11/4/2015,5667,CRLS,26,ACTUAL
11/5/2015,5667,CRLS,0,ACTUAL
11/6/2015,5667,CRLS,5,ACTUAL
11/7/2015,5667,CRLS,21,ACTUAL
11/8/2015,5667,CRLS,15,ACTUAL
11/9/2015,5667,CRLS,0,ACTUAL
11/10/2015,5667,CRLS,0,ACTUAL
11/11/2015,5667,CRLS,0,ACTUAL
11/12/2015,5667,CRLS,0,ACTUAL
11/13/2015,5667,CRLS,0,ACTUAL
11/14/2015,5667,CRLS,21,ACTUAL
11/15/2015,5667,CRLS,0,ACTUAL
11/16/2015,5667,CRLS,0,ACTUAL
11/17/2015,5667,CRLS,16,ACTUAL
11/18/2015,5667,CRLS,0,ACTUAL
11/19/2015,5667,CRLS,9,ACTUAL
11/20/2015,5667,CRLS,0,ACTUAL
11/21/2015,5667,CRLS,19,ACTUAL
11/22/2015,5667,CRLS,0,ACTUAL
11/23/2015,5667,CRLS,0,ACTUAL
11/24/2015,5667,CRLS,7,ACTUAL
11/25/2015,5667,CRLS,0,ACTUAL
11/26/2015,5667,CRLS,13,ACTUAL
11/27/2015,5667,CRLS,0,ACTUAL
11/28/2015,5667,CRLS,29,ACTUAL
11/29/2015,5667,CRLS,0,ACTUAL
11/30/2015,5667,CRLS,0,ACTUAL
12/1/2015,5667,CRLS,0,ACTUAL
12/2/2015,5667,CRLS,13,ACTUAL
12/3/2015,5667,CRLS,13,ACTUAL
12/4/2015,5667,CRLS,0,ACTUAL
12/5/2015,5667,CRLS,16,ACTUAL
12/6/2015,5667,CRLS,0,ACTUAL
12/7/2015,5667,CRLS,0,ACTUAL
12/8/2015,5667,CRLS,0,ACTUAL
12/9/2015,5667,CRLS,22,ACTUAL
12/10/2015,5667,CRLS,0,ACTUAL
12/11/2015,5667,CRLS,7,ACTUAL
12/12/2015,5667,CRLS,22,ACTUAL
12/13/2015,5667,CRLS,0,ACTUAL
12/14/2015,5667,CRLS,0,ACTUAL
12/15/2015,5667,CRLS,9,ACTUAL
12/16/2015,5667,CRLS,0,ACTUAL
12/17/2015,5667,CRLS,7,ACTUAL
12/18/2015,5667,CRLS,0,ACTUAL
12/19/2015,5667,CRLS,26,ACTUAL
12/20/2015,5667,CRLS,0,ACTUAL
12/21/2015,5667,CRLS,0,ACTUAL
12/22/2015,5667,CRLS,8,ACTUAL
12/23/2015,5667,CRLS,0,ACTUAL
12/24/2015,5667,CRLS,7,ACTUAL
12/25/2015,5667,CRLS,0,ACTUAL
12/26/2015,5667,CRLS,36,ACTUAL
12/27/2015,5667,CRLS,0,ACTUAL
12/28/2015,5667,CRLS,0,ACTUAL
12/29/2015,5667,CRLS,12,ACTUAL
12/30/2015,5667,CRLS,0,ACTUAL
12/31/2015,5667,CRLS,0,ACTUAL
1/1/2016,5667,CRLS,0,ACTUAL
1/2/2016,5667,CRLS,0,ACTUAL
1/3/2016,5667,CRLS,18,ACTUAL
1/4/2016,5667,CRLS,0,ACTUAL
1/5/2016,5667,CRLS,0,ACTUAL
1/6/2016,5667,CRLS,0,ACTUAL
1/7/2016,5667,CRLS,0,ACTUAL
1/8/2016,5667,CRLS,0,ACTUAL
1/9/2016,5667,CRLS,13,ACTUAL
1/10/2016,5667,CRLS,30,ACTUAL
1/11/2016,5667,CRLS,0,ACTUAL
1/12/2016,5667,CRLS,0,ACTUAL
1/13/2016,5667,CRLS,0,ACTUAL
1/14/2016,5667,CRLS,9,ACTUAL
1/3/2014,7456,CRLS,4,ACTUAL
1/4/2014,7456,CRLS,4,ACTUAL
1/5/2014,7456,CRLS,4,ACTUAL
1/6/2014,7456,CRLS,0,ACTUAL
1/7/2014,7456,CRLS,5,ACTUAL
1/8/2014,7456,CRLS,0,ACTUAL
1/9/2014,7456,CRLS,0,ACTUAL
1/10/2014,7456,CRLS,0,ACTUAL
1/11/2014,7456,CRLS,6,ACTUAL
1/12/2014,7456,CRLS,0,ACTUAL
1/13/2014,7456,CRLS,0,ACTUAL
1/14/2014,7456,CRLS,0,ACTUAL
1/15/2014,7456,CRLS,0,ACTUAL
1/16/2014,7456,CRLS,0,ACTUAL
1/17/2014,7456,CRLS,0,ACTUAL
1/18/2014,7456,CRLS,4,ACTUAL
1/19/2014,7456,CRLS,0,ACTUAL
1/20/2014,7456,CRLS,0,ACTUAL
1/21/2014,7456,CRLS,2,ACTUAL
1/22/2014,7456,CRLS,0,ACTUAL
1/23/2014,7456,CRLS,0,ACTUAL
1/24/2014,7456,CRLS,0,ACTUAL
1/25/2014,7456,CRLS,4,ACTUAL
1/26/2014,7456,CRLS,0,ACTUAL
1/27/2014,7456,CRLS,0,ACTUAL
1/28/2014,7456,CRLS,4,ACTUAL
1/29/2014,7456,CRLS,0,ACTUAL
1/30/2014,7456,CRLS,6,ACTUAL
1/31/2014,7456,CRLS,0,ACTUAL
2/1/2014,7456,CRLS,6,ACTUAL
2/2/2014,7456,CRLS,0,ACTUAL
2/3/2014,7456,CRLS,0,ACTUAL
2/4/2014,7456,CRLS,0,ACTUAL
2/5/2014,7456,CRLS,0,ACTUAL
2/6/2014,7456,CRLS,0,ACTUAL
2/7/2014,7456,CRLS,0,ACTUAL
2/8/2014,7456,CRLS,4,ACTUAL
2/9/2014,7456,CRLS,3,ACTUAL
2/10/2014,7456,CRLS,4,ACTUAL
2/11/2014,7456,CRLS,0,ACTUAL
2/12/2014,7456,CRLS,4,ACTUAL
2/13/2014,7456,CRLS,4,ACTUAL
2/14/2014,7456,CRLS,0,ACTUAL
2/15/2014,7456,CRLS,6,ACTUAL
2/16/2014,7456,CRLS,0,ACTUAL
2/17/2014,7456,CRLS,0,ACTUAL
2/18/2014,7456,CRLS,4,ACTUAL
2/19/2014,7456,CRLS,0,ACTUAL
2/20/2014,7456,CRLS,4,ACTUAL
2/21/2014,7456,CRLS,0,ACTUAL
2/22/2014,7456,CRLS,5,ACTUAL
2/23/2014,7456,CRLS,0,ACTUAL
2/24/2014,7456,CRLS,0,ACTUAL
2/25/2014,7456,CRLS,2,ACTUAL
2/26/2014,7456,CRLS,0,ACTUAL
2/27/2014,7456,CRLS,0,ACTUAL
2/28/2014,7456,CRLS,0,ACTUAL
3/1/2014,7456,CRLS,0,ACTUAL
3/2/2014,7456,CRLS,0,ACTUAL
3/3/2014,7456,CRLS,0,ACTUAL
3/4/2014,7456,CRLS,0,ACTUAL
3/5/2014,7456,CRLS,7,ACTUAL
3/6/2014,7456,CRLS,6,ACTUAL
3/7/2014,7456,CRLS,0,ACTUAL
3/8/2014,7456,CRLS,0,ACTUAL
3/9/2014,7456,CRLS,0,ACTUAL
3/10/2014,7456,CRLS,0,ACTUAL
3/11/2014,7456,CRLS,0,ACTUAL
3/12/2014,7456,CRLS,0,ACTUAL
3/13/2014,7456,CRLS,4,ACTUAL
3/14/2014,7456,CRLS,0,ACTUAL
3/15/2014,7456,CRLS,7,ACTUAL
3/16/2014,7456,CRLS,0,ACTUAL
3/17/2014,7456,CRLS,0,ACTUAL
3/18/2014,7456,CRLS,7,ACTUAL
3/19/2014,7456,CRLS,0,ACTUAL
3/20/2014,7456,CRLS,4,ACTUAL
3/21/2014,7456,CRLS,0,ACTUAL
3/22/2014,7456,CRLS,7,ACTUAL
3/23/2014,7456,CRLS,0,ACTUAL
3/24/2014,7456,CRLS,0,ACTUAL
3/25/2014,7456,CRLS,4,ACTUAL
3/26/2014,7456,CRLS,0,ACTUAL
3/27/2014,7456,CRLS,4,ACTUAL
3/28/2014,7456,CRLS,0,ACTUAL
3/29/2014,7456,CRLS,7,ACTUAL
3/30/2014,7456,CRLS,0,ACTUAL
3/31/2014,7456,CRLS,0,ACTUAL
4/1/2014,7456,CRLS,7,ACTUAL
4/2/2014,7456,CRLS,4,ACTUAL
4/3/2014,7456,CRLS,4,ACTUAL
4/4/2014,7456,CRLS,0,ACTUAL
4/5/2014,7456,CRLS,0,ACTUAL
4/6/2014,7456,CRLS,0,ACTUAL
4/7/2014,7456,CRLS,0,ACTUAL
4/8/2014,7456,CRLS,0,ACTUAL
4/9/2014,7456,CRLS,0,ACTUAL
4/10/2014,7456,CRLS,7,ACTUAL
4/11/2014,7456,CRLS,4,ACTUAL
4/12/2014,7456,CRLS,0,ACTUAL
4/13/2014,7456,CRLS,0,ACTUAL
4/14/2014,7456,CRLS,0,ACTUAL
4/15/2014,7456,CRLS,7,ACTUAL
4/16/2014,7456,CRLS,0,ACTUAL
4/17/2014,7456,CRLS,4,ACTUAL
4/18/2014,7456,CRLS,0,ACTUAL
4/19/2014,7456,CRLS,7,ACTUAL
4/20/2014,7456,CRLS,0,ACTUAL
4/21/2014,7456,CRLS,0,ACTUAL
4/22/2014,7456,CRLS,2,ACTUAL
4/23/2014,7456,CRLS,0,ACTUAL
4/24/2014,7456,CRLS,0,ACTUAL
4/25/2014,7456,CRLS,0,ACTUAL
4/26/2014,7456,CRLS,7,ACTUAL
4/27/2014,7456,CRLS,0,ACTUAL
4/28/2014,7456,CRLS,0,ACTUAL
4/29/2014,7456,CRLS,0,ACTUAL
4/30/2014,7456,CRLS,0,ACTUAL
5/1/2014,7456,CRLS,0,ACTUAL
5/2/2014,7456,CRLS,0,ACTUAL
5/3/2014,7456,CRLS,0,ACTUAL
5/4/2014,7456,CRLS,7,ACTUAL
5/5/2014,7456,CRLS,0,ACTUAL
5/6/2014,7456,CRLS,4,ACTUAL
5/7/2014,7456,CRLS,7,ACTUAL
5/8/2014,7456,CRLS,7,ACTUAL
5/9/2014,7456,CRLS,0,ACTUAL
5/10/2014,7456,CRLS,0,ACTUAL
5/11/2014,7456,CRLS,0,ACTUAL
5/12/2014,7456,CRLS,0,ACTUAL
5/13/2014,7456,CRLS,0,ACTUAL
5/14/2014,7456,CRLS,0,ACTUAL
5/15/2014,7456,CRLS,0,ACTUAL
5/16/2014,7456,CRLS,0,ACTUAL
5/17/2014,7456,CRLS,7,ACTUAL
5/18/2014,7456,CRLS,0,ACTUAL
5/19/2014,7456,CRLS,0,ACTUAL
5/20/2014,7456,CRLS,7,ACTUAL
5/21/2014,7456,CRLS,0,ACTUAL
5/22/2014,7456,CRLS,4,ACTUAL
5/23/2014,7456,CRLS,0,ACTUAL
5/24/2014,7456,CRLS,7,ACTUAL
5/25/2014,7456,CRLS,0,ACTUAL
5/26/2014,7456,CRLS,0,ACTUAL
5/27/2014,7456,CRLS,6,ACTUAL
5/28/2014,7456,CRLS,0,ACTUAL
5/29/2014,7456,CRLS,4,ACTUAL
5/30/2014,7456,CRLS,0,ACTUAL
5/31/2014,7456,CRLS,7,ACTUAL
6/1/2014,7456,CRLS,0,ACTUAL
6/2/2014,7456,CRLS,4,ACTUAL
6/3/2014,7456,CRLS,1,ACTUAL
6/4/2014,7456,CRLS,0,ACTUAL
6/5/2014,7456,CRLS,7,ACTUAL
6/6/2014,7456,CRLS,0,ACTUAL
6/7/2014,7456,CRLS,0,ACTUAL
6/8/2014,7456,CRLS,0,ACTUAL
6/9/2014,7456,CRLS,7,ACTUAL
6/10/2014,7456,CRLS,0,ACTUAL
6/11/2014,7456,CRLS,0,ACTUAL
6/12/2014,7456,CRLS,7,ACTUAL
6/13/2014,7456,CRLS,0,ACTUAL
6/14/2014,7456,CRLS,7,ACTUAL
6/15/2014,7456,CRLS,0,ACTUAL
6/16/2014,7456,CRLS,0,ACTUAL
6/17/2014,7456,CRLS,5,ACTUAL
6/18/2014,7456,CRLS,0,ACTUAL
6/19/2014,7456,CRLS,0,ACTUAL
6/20/2014,7456,CRLS,0,ACTUAL
6/21/2014,7456,CRLS,7,ACTUAL
6/22/2014,7456,CRLS,0,ACTUAL
6/23/2014,7456,CRLS,0,ACTUAL
6/24/2014,7456,CRLS,5,ACTUAL
6/25/2014,7456,CRLS,0,ACTUAL
6/26/2014,7456,CRLS,0,ACTUAL
6/27/2014,7456,CRLS,0,ACTUAL
6/28/2014,7456,CRLS,7,ACTUAL
6/29/2014,7456,CRLS,0,ACTUAL
6/30/2014,7456,CRLS,0,ACTUAL
7/1/2014,7456,CRLS,7,ACTUAL
7/2/2014,7456,CRLS,0,ACTUAL
7/3/2014,7456,CRLS,0,ACTUAL
7/4/2014,7456,CRLS,0,ACTUAL
7/5/2014,7456,CRLS,0,ACTUAL
7/6/2014,7456,CRLS,7,ACTUAL
7/7/2014,7456,CRLS,0,ACTUAL
7/8/2014,7456,CRLS,4,ACTUAL
7/9/2014,7456,CRLS,0,ACTUAL
7/10/2014,7456,CRLS,7,ACTUAL
7/11/2014,7456,CRLS,0,ACTUAL
7/12/2014,7456,CRLS,0,ACTUAL
7/13/2014,7456,CRLS,0,ACTUAL
7/14/2014,7456,CRLS,0,ACTUAL
7/15/2014,7456,CRLS,5,ACTUAL
7/16/2014,7456,CRLS,0,ACTUAL
7/17/2014,7456,CRLS,0,ACTUAL
7/18/2014,7456,CRLS,0,ACTUAL
7/19/2014,7456,CRLS,7,ACTUAL
7/20/2014,7456,CRLS,0,ACTUAL
7/21/2014,7456,CRLS,0,ACTUAL
7/22/2014,7456,CRLS,4,ACTUAL
7/23/2014,7456,CRLS,0,ACTUAL
7/24/2014,7456,CRLS,0,ACTUAL
7/25/2014,7456,CRLS,0,ACTUAL
7/26/2014,7456,CRLS,4,ACTUAL
7/27/2014,7456,CRLS,0,ACTUAL
7/28/2014,7456,CRLS,0,ACTUAL
7/29/2014,7456,CRLS,7,ACTUAL
7/30/2014,7456,CRLS,0,ACTUAL
7/31/2014,7456,CRLS,7,ACTUAL
8/1/2014,7456,CRLS,0,ACTUAL
8/2/2014,7456,CRLS,5,ACTUAL
8/3/2014,7456,CRLS,7,ACTUAL
8/4/2014,7456,CRLS,6,ACTUAL
8/5/2014,7456,CRLS,4,ACTUAL
8/6/2014,7456,CRLS,0,ACTUAL
8/7/2014,7456,CRLS,5,ACTUAL
8/8/2014,7456,CRLS,0,ACTUAL
8/9/2014,7456,CRLS,0,ACTUAL
8/10/2014,7456,CRLS,0,ACTUAL
8/11/2014,7456,CRLS,7,ACTUAL
8/12/2014,7456,CRLS,0,ACTUAL
8/13/2014,7456,CRLS,0,ACTUAL
8/14/2014,7456,CRLS,1,ACTUAL
8/15/2014,7456,CRLS,0,ACTUAL
8/16/2014,7456,CRLS,7,ACTUAL
8/17/2014,7456,CRLS,0,ACTUAL
8/18/2014,7456,CRLS,0,ACTUAL
8/19/2014,7456,CRLS,7,ACTUAL
8/20/2014,7456,CRLS,0,ACTUAL
8/21/2014,7456,CRLS,2,ACTUAL
8/22/2014,7456,CRLS,0,ACTUAL
8/23/2014,7456,CRLS,7,ACTUAL
8/24/2014,7456,CRLS,0,ACTUAL
8/25/2014,7456,CRLS,0,ACTUAL
8/26/2014,7456,CRLS,4,ACTUAL
8/27/2014,7456,CRLS,0,ACTUAL
8/28/2014,7456,CRLS,0,ACTUAL
8/29/2014,7456,CRLS,0,ACTUAL
8/30/2014,7456,CRLS,7,ACTUAL
8/31/2014,7456,CRLS,0,ACTUAL
9/1/2014,7456,CRLS,4,ACTUAL
9/2/2014,7456,CRLS,0,ACTUAL
9/3/2014,7456,CRLS,0,ACTUAL
9/4/2014,7456,CRLS,0,ACTUAL
9/5/2014,7456,CRLS,0,ACTUAL
9/6/2014,7456,CRLS,0,ACTUAL
9/7/2014,7456,CRLS,0,ACTUAL
9/8/2014,7456,CRLS,7,ACTUAL
9/9/2014,7456,CRLS,7,ACTUAL
9/10/2014,7456,CRLS,4,ACTUAL
9/11/2014,7456,CRLS,0,ACTUAL
9/12/2014,7456,CRLS,6,ACTUAL
9/13/2014,7456,CRLS,7,ACTUAL
9/14/2014,7456,CRLS,0,ACTUAL
9/15/2014,7456,CRLS,0,ACTUAL
9/16/2014,7456,CRLS,7,ACTUAL
9/17/2014,7456,CRLS,0,ACTUAL
9/18/2014,7456,CRLS,3,ACTUAL
9/19/2014,7456,CRLS,0,ACTUAL
9/20/2014,7456,CRLS,7,ACTUAL
9/21/2014,7456,CRLS,0,ACTUAL
9/22/2014,7456,CRLS,0,ACTUAL
9/23/2014,7456,CRLS,6,ACTUAL
9/24/2014,7456,CRLS,0,ACTUAL
9/25/2014,7456,CRLS,6,ACTUAL
9/26/2014,7456,CRLS,0,ACTUAL
9/27/2014,7456,CRLS,7,ACTUAL
9/28/2014,7456,CRLS,0,ACTUAL
9/29/2014,7456,CRLS,0,ACTUAL
9/30/2014,7456,CRLS,6,ACTUAL
10/1/2014,7456,CRLS,0,ACTUAL
10/2/2014,7456,CRLS,0,ACTUAL
10/3/2014,7456,CRLS,0,ACTUAL
10/4/2014,7456,CRLS,4,ACTUAL
10/5/2014,7456,CRLS,7,ACTUAL
10/6/2014,7456,CRLS,5,ACTUAL
10/7/2014,7456,CRLS,0,ACTUAL
10/8/2014,7456,CRLS,0,ACTUAL
10/9/2014,7456,CRLS,0,ACTUAL
10/10/2014,7456,CRLS,0,ACTUAL
10/11/2014,7456,CRLS,0,ACTUAL
10/12/2014,7456,CRLS,0,ACTUAL
10/13/2014,7456,CRLS,0,ACTUAL
10/14/2014,7456,CRLS,7,ACTUAL
10/15/2014,7456,CRLS,0,ACTUAL
10/16/2014,7456,CRLS,5,ACTUAL
10/17/2014,7456,CRLS,0,ACTUAL
10/18/2014,7456,CRLS,6,ACTUAL
10/19/2014,7456,CRLS,0,ACTUAL
10/20/2014,7456,CRLS,0,ACTUAL
10/21/2014,7456,CRLS,6,ACTUAL
10/22/2014,7456,CRLS,0,ACTUAL
10/23/2014,7456,CRLS,6,ACTUAL
10/24/2014,7456,CRLS,0,ACTUAL
10/25/2014,7456,CRLS,10,ACTUAL
10/26/2014,7456,CRLS,0,ACTUAL
10/27/2014,7456,CRLS,0,ACTUAL
10/28/2014,7456,CRLS,7,ACTUAL
10/29/2014,7456,CRLS,0,ACTUAL
10/30/2014,7456,CRLS,4,ACTUAL
10/31/2014,7456,CRLS,0,ACTUAL
11/1/2014,7456,CRLS,7,ACTUAL
11/2/2014,7456,CRLS,4,ACTUAL
11/3/2014,7456,CRLS,4,ACTUAL
11/4/2014,7456,CRLS,0,ACTUAL
11/5/2014,7456,CRLS,0,ACTUAL
11/6/2014,7456,CRLS,0,ACTUAL
11/7/2014,7456,CRLS,0,ACTUAL
11/8/2014,7456,CRLS,0,ACTUAL
11/9/2014,7456,CRLS,4,ACTUAL
11/10/2014,7456,CRLS,7,ACTUAL
11/11/2014,7456,CRLS,4,ACTUAL
11/12/2014,7456,CRLS,4,ACTUAL
11/13/2014,7456,CRLS,0,ACTUAL
11/14/2014,7456,CRLS,0,ACTUAL
11/15/2014,7456,CRLS,6,ACTUAL
11/16/2014,7456,CRLS,0,ACTUAL
11/17/2014,7456,CRLS,0,ACTUAL
11/18/2014,7456,CRLS,4,ACTUAL
11/19/2014,7456,CRLS,0,ACTUAL
11/20/2014,7456,CRLS,0,ACTUAL
11/21/2014,7456,CRLS,0,ACTUAL
11/22/2014,7456,CRLS,6,ACTUAL
11/23/2014,7456,CRLS,0,ACTUAL
11/24/2014,7456,CRLS,0,ACTUAL
11/25/2014,7456,CRLS,6,ACTUAL
11/26/2014,7456,CRLS,0,ACTUAL
11/27/2014,7456,CRLS,5,ACTUAL
11/28/2014,7456,CRLS,0,ACTUAL
11/29/2014,7456,CRLS,6,ACTUAL
11/30/2014,7456,CRLS,0,ACTUAL
12/1/2014,7456,CRLS,0,ACTUAL
12/2/2014,7456,CRLS,0,ACTUAL
12/3/2014,7456,CRLS,0,ACTUAL
12/4/2014,7456,CRLS,7,ACTUAL
12/5/2014,7456,CRLS,0,ACTUAL
12/6/2014,7456,CRLS,0,ACTUAL
12/7/2014,7456,CRLS,3,ACTUAL
12/8/2014,7456,CRLS,6,ACTUAL
12/9/2014,7456,CRLS,0,ACTUAL
12/10/2014,7456,CRLS,0,ACTUAL
12/11/2014,7456,CRLS,0,ACTUAL
12/12/2014,7456,CRLS,0,ACTUAL
12/13/2014,7456,CRLS,7,ACTUAL
12/14/2014,7456,CRLS,0,ACTUAL
12/15/2014,7456,CRLS,0,ACTUAL
12/16/2014,7456,CRLS,4,ACTUAL
12/17/2014,7456,CRLS,0,ACTUAL
12/18/2014,7456,CRLS,0,ACTUAL
12/19/2014,7456,CRLS,0,ACTUAL
12/20/2014,7456,CRLS,6,ACTUAL
12/21/2014,7456,CRLS,0,ACTUAL
12/22/2014,7456,CRLS,0,ACTUAL
12/23/2014,7456,CRLS,4,ACTUAL
12/24/2014,7456,CRLS,0,ACTUAL
12/25/2014,7456,CRLS,4,ACTUAL
12/26/2014,7456,CRLS,0,ACTUAL
12/27/2014,7456,CRLS,6,ACTUAL
12/28/2014,7456,CRLS,0,ACTUAL
12/29/2014,7456,CRLS,0,ACTUAL
12/30/2014,7456,CRLS,2,ACTUAL
12/31/2014,7456,CRLS,0,ACTUAL
1/1/2015,7456,CRLS,4,ACTUAL
1/2/2015,7456,CRLS,0,ACTUAL
1/3/2015,7456,CRLS,0,ACTUAL
1/4/2015,7456,CRLS,0,ACTUAL
1/5/2015,7456,CRLS,0,ACTUAL
1/6/2015,7456,CRLS,0,ACTUAL
1/7/2015,7456,CRLS,0,ACTUAL
1/8/2015,7456,CRLS,8,ACTUAL
1/9/2015,7456,CRLS,7,ACTUAL
1/10/2015,7456,CRLS,5,ACTUAL
1/11/2015,7456,CRLS,0,ACTUAL
1/12/2015,7456,CRLS,7,ACTUAL
1/13/2015,7456,CRLS,6,ACTUAL
1/14/2015,7456,CRLS,0,ACTUAL
1/15/2015,7456,CRLS,4,ACTUAL
1/16/2015,7456,CRLS,0,ACTUAL
1/17/2015,7456,CRLS,6,ACTUAL
1/18/2015,7456,CRLS,0,ACTUAL
1/19/2015,7456,CRLS,0,ACTUAL
1/20/2015,7456,CRLS,4,ACTUAL
1/21/2015,7456,CRLS,0,ACTUAL
1/22/2015,7456,CRLS,4,ACTUAL
1/23/2015,7456,CRLS,0,ACTUAL
1/24/2015,7456,CRLS,6,ACTUAL
1/25/2015,7456,CRLS,0,ACTUAL
1/26/2015,7456,CRLS,0,ACTUAL
1/27/2015,7456,CRLS,2,ACTUAL
1/28/2015,7456,CRLS,0,ACTUAL
1/29/2015,7456,CRLS,0,ACTUAL
1/30/2015,7456,CRLS,0,ACTUAL
1/31/2015,7456,CRLS,6,ACTUAL
2/1/2015,7456,CRLS,0,ACTUAL
2/2/2015,7456,CRLS,0,ACTUAL
2/3/2015,7456,CRLS,0,ACTUAL
2/4/2015,7456,CRLS,4,ACTUAL
2/5/2015,7456,CRLS,4,ACTUAL
2/6/2015,7456,CRLS,4,ACTUAL
2/7/2015,7456,CRLS,6,ACTUAL
2/8/2015,7456,CRLS,0,ACTUAL
2/9/2015,7456,CRLS,0,ACTUAL
2/10/2015,7456,CRLS,0,ACTUAL
2/11/2015,7456,CRLS,0,ACTUAL
2/12/2015,7456,CRLS,0,ACTUAL
2/13/2015,7456,CRLS,0,ACTUAL
2/14/2015,7456,CRLS,7,ACTUAL
2/15/2015,7456,CRLS,0,ACTUAL
2/16/2015,7456,CRLS,0,ACTUAL
2/17/2015,7456,CRLS,3,ACTUAL
2/18/2015,7456,CRLS,0,ACTUAL
2/19/2015,7456,CRLS,0,ACTUAL
2/20/2015,7456,CRLS,0,ACTUAL
2/21/2015,7456,CRLS,6,ACTUAL
2/22/2015,7456,CRLS,0,ACTUAL
2/23/2015,7456,CRLS,0,ACTUAL
2/24/2015,7456,CRLS,5,ACTUAL
2/25/2015,7456,CRLS,0,ACTUAL
2/26/2015,7456,CRLS,0,ACTUAL
2/27/2015,7456,CRLS,0,ACTUAL
2/28/2015,7456,CRLS,7,ACTUAL
3/1/2015,7456,CRLS,6,ACTUAL
3/2/2015,7456,CRLS,6,ACTUAL
3/3/2015,7456,CRLS,4,ACTUAL
3/4/2015,7456,CRLS,0,ACTUAL
3/5/2015,7456,CRLS,0,ACTUAL
3/6/2015,7456,CRLS,0,ACTUAL
3/7/2015,7456,CRLS,0,ACTUAL
3/8/2015,7456,CRLS,0,ACTUAL
3/9/2015,7456,CRLS,5,ACTUAL
3/10/2015,7456,CRLS,8,ACTUAL
3/11/2015,7456,CRLS,7,ACTUAL
3/12/2015,7456,CRLS,5,ACTUAL
3/13/2015,7456,CRLS,0,ACTUAL
3/14/2015,7456,CRLS,7,ACTUAL
3/15/2015,7456,CRLS,0,ACTUAL
3/16/2015,7456,CRLS,0,ACTUAL
3/17/2015,7456,CRLS,5,ACTUAL
3/18/2015,7456,CRLS,0,ACTUAL
3/19/2015,7456,CRLS,0,ACTUAL
3/20/2015,7456,CRLS,0,ACTUAL
3/21/2015,7456,CRLS,6,ACTUAL
3/22/2015,7456,CRLS,0,ACTUAL
3/23/2015,7456,CRLS,0,ACTUAL
3/24/2015,7456,CRLS,6,ACTUAL
3/25/2015,7456,CRLS,0,ACTUAL
3/26/2015,7456,CRLS,6,ACTUAL
3/27/2015,7456,CRLS,0,ACTUAL
3/28/2015,7456,CRLS,6,ACTUAL
3/29/2015,7456,CRLS,0,ACTUAL
3/30/2015,7456,CRLS,0,ACTUAL
3/31/2015,7456,CRLS,4,ACTUAL
4/1/2015,7456,CRLS,0,ACTUAL
4/2/2015,7456,CRLS,0,ACTUAL
4/3/2015,7456,CRLS,0,ACTUAL
4/4/2015,7456,CRLS,7,ACTUAL
4/5/2015,7456,CRLS,0,ACTUAL
4/6/2015,7456,CRLS,4,ACTUAL
4/7/2015,7456,CRLS,7,ACTUAL
4/8/2015,7456,CRLS,5,ACTUAL
4/9/2015,7456,CRLS,0,ACTUAL
4/10/2015,7456,CRLS,0,ACTUAL
4/11/2015,7456,CRLS,0,ACTUAL
4/12/2015,7456,CRLS,0,ACTUAL
4/13/2015,7456,CRLS,0,ACTUAL
4/14/2015,7456,CRLS,3,ACTUAL
4/15/2015,7456,CRLS,0,ACTUAL
4/16/2015,7456,CRLS,0,ACTUAL
4/17/2015,7456,CRLS,0,ACTUAL
4/18/2015,7456,CRLS,6,ACTUAL
4/19/2015,7456,CRLS,0,ACTUAL
4/20/2015,7456,CRLS,0,ACTUAL
4/21/2015,7456,CRLS,4,ACTUAL
4/22/2015,7456,CRLS,0,ACTUAL
4/23/2015,7456,CRLS,4,ACTUAL
4/24/2015,7456,CRLS,0,ACTUAL
4/25/2015,7456,CRLS,4,ACTUAL
4/26/2015,7456,CRLS,0,ACTUAL
4/27/2015,7456,CRLS,0,ACTUAL
4/28/2015,7456,CRLS,4,ACTUAL
4/29/2015,7456,CRLS,0,ACTUAL
4/30/2015,7456,CRLS,4,ACTUAL
5/1/2015,7456,CRLS,0,ACTUAL
5/2/2015,7456,CRLS,4,ACTUAL
5/3/2015,7456,CRLS,4,ACTUAL
5/4/2015,7456,CRLS,0,ACTUAL
5/5/2015,7456,CRLS,2,ACTUAL
5/6/2015,7456,CRLS,0,ACTUAL
5/7/2015,7456,CRLS,0,ACTUAL
5/8/2015,7456,CRLS,0,ACTUAL
5/9/2015,7456,CRLS,7,ACTUAL
5/10/2015,7456,CRLS,0,ACTUAL
5/11/2015,7456,CRLS,5,ACTUAL
5/12/2015,7456,CRLS,3,ACTUAL
5/13/2015,7456,CRLS,0,ACTUAL
5/14/2015,7456,CRLS,4,ACTUAL
5/15/2015,7456,CRLS,0,ACTUAL
5/16/2015,7456,CRLS,7,ACTUAL
5/17/2015,7456,CRLS,0,ACTUAL
5/18/2015,7456,CRLS,0,ACTUAL
5/19/2015,7456,CRLS,4,ACTUAL
5/20/2015,7456,CRLS,0,ACTUAL
5/21/2015,7456,CRLS,4,ACTUAL
5/22/2015,7456,CRLS,0,ACTUAL
5/23/2015,7456,CRLS,7,ACTUAL
5/24/2015,7456,CRLS,0,ACTUAL
5/25/2015,7456,CRLS,0,ACTUAL
5/26/2015,7456,CRLS,4,ACTUAL
5/27/2015,7456,CRLS,0,ACTUAL
5/28/2015,7456,CRLS,4,ACTUAL
5/29/2015,7456,CRLS,0,ACTUAL
5/30/2015,7456,CRLS,4,ACTUAL
5/31/2015,7456,CRLS,0,ACTUAL
6/1/2015,7456,CRLS,4,ACTUAL
6/2/2015,7456,CRLS,0,ACTUAL
6/3/2015,7456,CRLS,0,ACTUAL
6/4/2015,7456,CRLS,0,ACTUAL
6/5/2015,7456,CRLS,0,ACTUAL
6/6/2015,7456,CRLS,5,ACTUAL
6/7/2015,7456,CRLS,0,ACTUAL
6/8/2015,7456,CRLS,5,ACTUAL
6/9/2015,7456,CRLS,0,ACTUAL
6/10/2015,7456,CRLS,7,ACTUAL
6/11/2015,7456,CRLS,0,ACTUAL
6/12/2015,7456,CRLS,0,ACTUAL
6/13/2015,7456,CRLS,4,ACTUAL
6/14/2015,7456,CRLS,0,ACTUAL
6/15/2015,7456,CRLS,0,ACTUAL
6/16/2015,7456,CRLS,4,ACTUAL
6/17/2015,7456,CRLS,0,ACTUAL
6/18/2015,7456,CRLS,4,ACTUAL
6/19/2015,7456,CRLS,0,ACTUAL
6/20/2015,7456,CRLS,7,ACTUAL
6/21/2015,7456,CRLS,0,ACTUAL
6/22/2015,7456,CRLS,0,ACTUAL
6/23/2015,7456,CRLS,6,ACTUAL
6/24/2015,7456,CRLS,0,ACTUAL
6/25/2015,7456,CRLS,4,ACTUAL
6/26/2015,7456,CRLS,0,ACTUAL
6/27/2015,7456,CRLS,8,ACTUAL
6/28/2015,7456,CRLS,0,ACTUAL
6/29/2015,7456,CRLS,0,ACTUAL
6/30/2015,7456,CRLS,7,ACTUAL
7/1/2015,7456,CRLS,0,ACTUAL
7/2/2015,7456,CRLS,7,ACTUAL
7/3/2015,7456,CRLS,7,ACTUAL
7/4/2015,7456,CRLS,6,ACTUAL
7/5/2015,7456,CRLS,0,ACTUAL
7/6/2015,7456,CRLS,0,ACTUAL
7/7/2015,7456,CRLS,7,ACTUAL
7/8/2015,7456,CRLS,0,ACTUAL
7/9/2015,7456,CRLS,0,ACTUAL
7/10/2015,7456,CRLS,0,ACTUAL
7/11/2015,7456,CRLS,6,ACTUAL
7/12/2015,7456,CRLS,0,ACTUAL
7/13/2015,7456,CRLS,0,ACTUAL
7/14/2015,7456,CRLS,7,ACTUAL
7/15/2015,7456,CRLS,0,ACTUAL
7/16/2015,7456,CRLS,2,ACTUAL
7/17/2015,7456,CRLS,0,ACTUAL
7/18/2015,7456,CRLS,5,ACTUAL
7/19/2015,7456,CRLS,0,ACTUAL
7/20/2015,7456,CRLS,0,ACTUAL
7/21/2015,7456,CRLS,7,ACTUAL
7/22/2015,7456,CRLS,0,ACTUAL
7/23/2015,7456,CRLS,5,ACTUAL
7/24/2015,7456,CRLS,0,ACTUAL
7/25/2015,7456,CRLS,8,ACTUAL
7/26/2015,7456,CRLS,0,ACTUAL
7/27/2015,7456,CRLS,0,ACTUAL
7/28/2015,7456,CRLS,8,ACTUAL
7/29/2015,7456,CRLS,0,ACTUAL
7/30/2015,7456,CRLS,5,ACTUAL
7/31/2015,7456,CRLS,0,ACTUAL
8/1/2015,7456,CRLS,0,ACTUAL
8/2/2015,7456,CRLS,0,ACTUAL
8/3/2015,7456,CRLS,0,ACTUAL
8/4/2015,7456,CRLS,0,ACTUAL
8/5/2015,7456,CRLS,0,ACTUAL
8/6/2015,7456,CRLS,0,ACTUAL
8/7/2015,7456,CRLS,0,ACTUAL
8/8/2015,7456,CRLS,7,ACTUAL
8/9/2015,7456,CRLS,6,ACTUAL
8/10/2015,7456,CRLS,5,ACTUAL
8/11/2015,7456,CRLS,0,ACTUAL
8/12/2015,7456,CRLS,0,ACTUAL
8/13/2015,7456,CRLS,5,ACTUAL
8/14/2015,7456,CRLS,0,ACTUAL
8/15/2015,7456,CRLS,8,ACTUAL
8/16/2015,7456,CRLS,0,ACTUAL
8/17/2015,7456,CRLS,0,ACTUAL
8/18/2015,7456,CRLS,5,ACTUAL
8/19/2015,7456,CRLS,0,ACTUAL
8/20/2015,7456,CRLS,5,ACTUAL
8/21/2015,7456,CRLS,0,ACTUAL
8/22/2015,7456,CRLS,5,ACTUAL
8/23/2015,7456,CRLS,0,ACTUAL
8/24/2015,7456,CRLS,0,ACTUAL
8/25/2015,7456,CRLS,6,ACTUAL
8/26/2015,7456,CRLS,0,ACTUAL
8/27/2015,7456,CRLS,6,ACTUAL
8/28/2015,7456,CRLS,0,ACTUAL
8/29/2015,7456,CRLS,4,ACTUAL
8/30/2015,7456,CRLS,0,ACTUAL
8/31/2015,7456,CRLS,0,ACTUAL
9/1/2015,7456,CRLS,0,ACTUAL
9/2/2015,7456,CRLS,0,ACTUAL
9/3/2015,7456,CRLS,0,ACTUAL
9/4/2015,7456,CRLS,4,ACTUAL
9/5/2015,7456,CRLS,6,ACTUAL
9/6/2015,7456,CRLS,4,ACTUAL
9/7/2015,7456,CRLS,4,ACTUAL
9/8/2015,7456,CRLS,0,ACTUAL
9/9/2015,7456,CRLS,0,ACTUAL
9/10/2015,7456,CRLS,0,ACTUAL
9/11/2015,7456,CRLS,0,ACTUAL
9/12/2015,7456,CRLS,0,ACTUAL
9/13/2015,7456,CRLS,0,ACTUAL
9/14/2015,7456,CRLS,0,ACTUAL
9/15/2015,7456,CRLS,5,ACTUAL
9/16/2015,7456,CRLS,0,ACTUAL
9/17/2015,7456,CRLS,0,ACTUAL
9/18/2015,7456,CRLS,0,ACTUAL
9/19/2015,7456,CRLS,7,ACTUAL
9/20/2015,7456,CRLS,0,ACTUAL
9/21/2015,7456,CRLS,0,ACTUAL
9/22/2015,7456,CRLS,7,ACTUAL
9/23/2015,7456,CRLS,0,ACTUAL
9/24/2015,7456,CRLS,5,ACTUAL
9/25/2015,7456,CRLS,0,ACTUAL
9/26/2015,7456,CRLS,7,ACTUAL
9/27/2015,7456,CRLS,0,ACTUAL
9/28/2015,7456,CRLS,0,ACTUAL
9/29/2015,7456,CRLS,7,ACTUAL
9/30/2015,7456,CRLS,0,ACTUAL
10/1/2015,7456,CRLS,4,ACTUAL
10/2/2015,7456,CRLS,7,ACTUAL
10/3/2015,7456,CRLS,2,ACTUAL
10/4/2015,7456,CRLS,0,ACTUAL
10/5/2015,7456,CRLS,0,ACTUAL
10/6/2015,7456,CRLS,0,ACTUAL
10/7/2015,7456,CRLS,0,ACTUAL
10/8/2015,7456,CRLS,0,ACTUAL
10/9/2015,7456,CRLS,5,ACTUAL
10/10/2015,7456,CRLS,7,ACTUAL
10/11/2015,7456,CRLS,6,ACTUAL
10/12/2015,7456,CRLS,1,ACTUAL
10/13/2015,7456,CRLS,7,ACTUAL
10/14/2015,7456,CRLS,0,ACTUAL
10/15/2015,7456,CRLS,5,ACTUAL
10/16/2015,7456,CRLS,0,ACTUAL
10/17/2015,7456,CRLS,7,ACTUAL
10/18/2015,7456,CRLS,0,ACTUAL
10/19/2015,7456,CRLS,0,ACTUAL
10/20/2015,7456,CRLS,5,ACTUAL
10/21/2015,7456,CRLS,0,ACTUAL
10/22/2015,7456,CRLS,0,ACTUAL
10/23/2015,7456,CRLS,0,ACTUAL
10/24/2015,7456,CRLS,7,ACTUAL
10/25/2015,7456,CRLS,0,ACTUAL
10/26/2015,7456,CRLS,0,ACTUAL
10/27/2015,7456,CRLS,7,ACTUAL
10/28/2015,7456,CRLS,0,ACTUAL
10/29/2015,7456,CRLS,5,ACTUAL
10/30/2015,7456,CRLS,0,ACTUAL
10/31/2015,7456,CRLS,6,ACTUAL
11/1/2015,7456,CRLS,0,ACTUAL
11/2/2015,7456,CRLS,0,ACTUAL
11/3/2015,7456,CRLS,0,ACTUAL
11/4/2015,7456,CRLS,6,ACTUAL
11/5/2015,7456,CRLS,0,ACTUAL
11/6/2015,7456,CRLS,4,ACTUAL
11/7/2015,7456,CRLS,2,ACTUAL
11/8/2015,7456,CRLS,7,ACTUAL
11/9/2015,7456,CRLS,0,ACTUAL
11/10/2015,7456,CRLS,0,ACTUAL
11/11/2015,7456,CRLS,0,ACTUAL
11/12/2015,7456,CRLS,0,ACTUAL
11/13/2015,7456,CRLS,0,ACTUAL
11/14/2015,7456,CRLS,3,ACTUAL
11/15/2015,7456,CRLS,0,ACTUAL
11/16/2015,7456,CRLS,0,ACTUAL
11/17/2015,7456,CRLS,6,ACTUAL
11/18/2015,7456,CRLS,0,ACTUAL
11/19/2015,7456,CRLS,7,ACTUAL
11/20/2015,7456,CRLS,0,ACTUAL
11/21/2015,7456,CRLS,7,ACTUAL
11/22/2015,7456,CRLS,0,ACTUAL
11/23/2015,7456,CRLS,0,ACTUAL
11/24/2015,7456,CRLS,5,ACTUAL
11/25/2015,7456,CRLS,0,ACTUAL
11/26/2015,7456,CRLS,0,ACTUAL
11/27/2015,7456,CRLS,0,ACTUAL
11/28/2015,7456,CRLS,7,ACTUAL
11/29/2015,7456,CRLS,0,ACTUAL
11/30/2015,7456,CRLS,0,ACTUAL
12/1/2015,7456,CRLS,0,ACTUAL
12/2/2015,7456,CRLS,4,ACTUAL
12/3/2015,7456,CRLS,0,ACTUAL
12/4/2015,7456,CRLS,0,ACTUAL
12/5/2015,7456,CRLS,4,ACTUAL
12/6/2015,7456,CRLS,0,ACTUAL
12/7/2015,7456,CRLS,0,ACTUAL
12/8/2015,7456,CRLS,0,ACTUAL
12/9/2015,7456,CRLS,7,ACTUAL
12/10/2015,7456,CRLS,0,ACTUAL
12/11/2015,7456,CRLS,5,ACTUAL
12/12/2015,7456,CRLS,3,ACTUAL
12/13/2015,7456,CRLS,0,ACTUAL
12/14/2015,7456,CRLS,0,ACTUAL
12/15/2015,7456,CRLS,7,ACTUAL
12/16/2015,7456,CRLS,0,ACTUAL
12/17/2015,7456,CRLS,7,ACTUAL
12/18/2015,7456,CRLS,0,ACTUAL
12/19/2015,7456,CRLS,7,ACTUAL
12/20/2015,7456,CRLS,0,ACTUAL
12/21/2015,7456,CRLS,0,ACTUAL
12/22/2015,7456,CRLS,7,ACTUAL
12/23/2015,7456,CRLS,0,ACTUAL
12/24/2015,7456,CRLS,1,ACTUAL
12/25/2015,7456,CRLS,0,ACTUAL
12/26/2015,7456,CRLS,4,ACTUAL
12/27/2015,7456,CRLS,0,ACTUAL
12/28/2015,7456,CRLS,0,ACTUAL
12/29/2015,7456,CRLS,0,ACTUAL
12/30/2015,7456,CRLS,0,ACTUAL
12/31/2015,7456,CRLS,0,ACTUAL
1/1/2016,7456,CRLS,0,ACTUAL
1/2/2016,7456,CRLS,0,ACTUAL
1/3/2016,7456,CRLS,7,ACTUAL
1/4/2016,7456,CRLS,0,ACTUAL
1/5/2016,7456,CRLS,0,ACTUAL
1/6/2016,7456,CRLS,0,ACTUAL
1/7/2016,7456,CRLS,0,ACTUAL
1/8/2016,7456,CRLS,0,ACTUAL
1/9/2016,7456,CRLS,4,ACTUAL
1/10/2016,7456,CRLS,5,ACTUAL
1/11/2016,7456,CRLS,0,ACTUAL
1/12/2016,7456,CRLS,0,ACTUAL
1/13/2016,7456,CRLS,0,ACTUAL
1/14/2016,7456,CRLS,4,ACTUAL
1/3/2014,7815,CRLS,11,ACTUAL
1/4/2014,7815,CRLS,8,ACTUAL
1/5/2014,7815,CRLS,0,ACTUAL
1/6/2014,7815,CRLS,0,ACTUAL
1/7/2014,7815,CRLS,4,ACTUAL
1/8/2014,7815,CRLS,0,ACTUAL
1/9/2014,7815,CRLS,0,ACTUAL
1/10/2014,7815,CRLS,0,ACTUAL
1/11/2014,7815,CRLS,8,ACTUAL
1/12/2014,7815,CRLS,0,ACTUAL
1/13/2014,7815,CRLS,0,ACTUAL
1/14/2014,7815,CRLS,8,ACTUAL
1/15/2014,7815,CRLS,0,ACTUAL
1/16/2014,7815,CRLS,0,ACTUAL
1/17/2014,7815,CRLS,0,ACTUAL
1/18/2014,7815,CRLS,9,ACTUAL
1/19/2014,7815,CRLS,0,ACTUAL
1/20/2014,7815,CRLS,0,ACTUAL
1/21/2014,7815,CRLS,8,ACTUAL
1/22/2014,7815,CRLS,0,ACTUAL
1/23/2014,7815,CRLS,6,ACTUAL
1/24/2014,7815,CRLS,0,ACTUAL
1/25/2014,7815,CRLS,11,ACTUAL
1/26/2014,7815,CRLS,0,ACTUAL
1/27/2014,7815,CRLS,0,ACTUAL
1/28/2014,7815,CRLS,0,ACTUAL
1/29/2014,7815,CRLS,0,ACTUAL
1/30/2014,7815,CRLS,4,ACTUAL
1/31/2014,7815,CRLS,0,ACTUAL
2/1/2014,7815,CRLS,0,ACTUAL
2/2/2014,7815,CRLS,0,ACTUAL
2/3/2014,7815,CRLS,0,ACTUAL
2/4/2014,7815,CRLS,0,ACTUAL
2/5/2014,7815,CRLS,0,ACTUAL
2/6/2014,7815,CRLS,0,ACTUAL
2/7/2014,7815,CRLS,0,ACTUAL
2/8/2014,7815,CRLS,5,ACTUAL
2/9/2014,7815,CRLS,8,ACTUAL
2/10/2014,7815,CRLS,0,ACTUAL
2/11/2014,7815,CRLS,0,ACTUAL
2/12/2014,7815,CRLS,6,ACTUAL
2/13/2014,7815,CRLS,0,ACTUAL
2/14/2014,7815,CRLS,0,ACTUAL
2/15/2014,7815,CRLS,9,ACTUAL
2/16/2014,7815,CRLS,0,ACTUAL
2/17/2014,7815,CRLS,0,ACTUAL
2/18/2014,7815,CRLS,8,ACTUAL
2/19/2014,7815,CRLS,0,ACTUAL
2/20/2014,7815,CRLS,0,ACTUAL
2/21/2014,7815,CRLS,0,ACTUAL
2/22/2014,7815,CRLS,9,ACTUAL
2/23/2014,7815,CRLS,0,ACTUAL
2/24/2014,7815,CRLS,0,ACTUAL
2/25/2014,7815,CRLS,7,ACTUAL
2/26/2014,7815,CRLS,0,ACTUAL
2/27/2014,7815,CRLS,0,ACTUAL
2/28/2014,7815,CRLS,0,ACTUAL
3/1/2014,7815,CRLS,0,ACTUAL
3/2/2014,7815,CRLS,0,ACTUAL
3/3/2014,7815,CRLS,0,ACTUAL
3/4/2014,7815,CRLS,0,ACTUAL
3/5/2014,7815,CRLS,9,ACTUAL
3/6/2014,7815,CRLS,5,ACTUAL
3/7/2014,7815,CRLS,0,ACTUAL
3/8/2014,7815,CRLS,0,ACTUAL
3/9/2014,7815,CRLS,0,ACTUAL
3/10/2014,7815,CRLS,0,ACTUAL
3/11/2014,7815,CRLS,0,ACTUAL
3/12/2014,7815,CRLS,0,ACTUAL
3/13/2014,7815,CRLS,0,ACTUAL
3/14/2014,7815,CRLS,0,ACTUAL
3/15/2014,7815,CRLS,9,ACTUAL
3/16/2014,7815,CRLS,0,ACTUAL
3/17/2014,7815,CRLS,0,ACTUAL
3/18/2014,7815,CRLS,6,ACTUAL
3/19/2014,7815,CRLS,0,ACTUAL
3/20/2014,7815,CRLS,0,ACTUAL
3/21/2014,7815,CRLS,0,ACTUAL
3/22/2014,7815,CRLS,9,ACTUAL
3/23/2014,7815,CRLS,0,ACTUAL
3/24/2014,7815,CRLS,0,ACTUAL
3/25/2014,7815,CRLS,7,ACTUAL
3/26/2014,7815,CRLS,0,ACTUAL
3/27/2014,7815,CRLS,0,ACTUAL
3/28/2014,7815,CRLS,0,ACTUAL
3/29/2014,7815,CRLS,7,ACTUAL
3/30/2014,7815,CRLS,0,ACTUAL
3/31/2014,7815,CRLS,0,ACTUAL
4/1/2014,7815,CRLS,11,ACTUAL
4/2/2014,7815,CRLS,3,ACTUAL
4/3/2014,7815,CRLS,4,ACTUAL
4/4/2014,7815,CRLS,0,ACTUAL
4/5/2014,7815,CRLS,0,ACTUAL
4/6/2014,7815,CRLS,0,ACTUAL
4/7/2014,7815,CRLS,0,ACTUAL
4/8/2014,7815,CRLS,0,ACTUAL
4/9/2014,7815,CRLS,0,ACTUAL
4/10/2014,7815,CRLS,5,ACTUAL
4/11/2014,7815,CRLS,8,ACTUAL
4/12/2014,7815,CRLS,0,ACTUAL
4/13/2014,7815,CRLS,0,ACTUAL
4/14/2014,7815,CRLS,0,ACTUAL
4/15/2014,7815,CRLS,9,ACTUAL
4/16/2014,7815,CRLS,0,ACTUAL
4/17/2014,7815,CRLS,0,ACTUAL
4/18/2014,7815,CRLS,0,ACTUAL
4/19/2014,7815,CRLS,6,ACTUAL
4/20/2014,7815,CRLS,0,ACTUAL
4/21/2014,7815,CRLS,0,ACTUAL
4/22/2014,7815,CRLS,0,ACTUAL
4/23/2014,7815,CRLS,0,ACTUAL
4/24/2014,7815,CRLS,3,ACTUAL
4/25/2014,7815,CRLS,0,ACTUAL
4/26/2014,7815,CRLS,9,ACTUAL
4/27/2014,7815,CRLS,0,ACTUAL
4/28/2014,7815,CRLS,0,ACTUAL
4/29/2014,7815,CRLS,8,ACTUAL
4/30/2014,7815,CRLS,0,ACTUAL
5/1/2014,7815,CRLS,0,ACTUAL
5/2/2014,7815,CRLS,0,ACTUAL
5/3/2014,7815,CRLS,0,ACTUAL
5/4/2014,7815,CRLS,8,ACTUAL
5/5/2014,7815,CRLS,0,ACTUAL
5/6/2014,7815,CRLS,1,ACTUAL
5/7/2014,7815,CRLS,9,ACTUAL
5/8/2014,7815,CRLS,7,ACTUAL
5/9/2014,7815,CRLS,0,ACTUAL
5/10/2014,7815,CRLS,0,ACTUAL
5/11/2014,7815,CRLS,0,ACTUAL
5/12/2014,7815,CRLS,0,ACTUAL
5/13/2014,7815,CRLS,0,ACTUAL
5/14/2014,7815,CRLS,0,ACTUAL
5/15/2014,7815,CRLS,0,ACTUAL
5/16/2014,7815,CRLS,0,ACTUAL
5/17/2014,7815,CRLS,11,ACTUAL
5/18/2014,7815,CRLS,0,ACTUAL
5/19/2014,7815,CRLS,0,ACTUAL
5/20/2014,7815,CRLS,0,ACTUAL
5/21/2014,7815,CRLS,0,ACTUAL
5/22/2014,7815,CRLS,0,ACTUAL
5/23/2014,7815,CRLS,0,ACTUAL
5/24/2014,7815,CRLS,9,ACTUAL
5/25/2014,7815,CRLS,0,ACTUAL
5/26/2014,7815,CRLS,0,ACTUAL
5/27/2014,7815,CRLS,0,ACTUAL
5/28/2014,7815,CRLS,0,ACTUAL
5/29/2014,7815,CRLS,0,ACTUAL
5/30/2014,7815,CRLS,0,ACTUAL
5/31/2014,7815,CRLS,8,ACTUAL
6/1/2014,7815,CRLS,0,ACTUAL
6/2/2014,7815,CRLS,0,ACTUAL
6/3/2014,7815,CRLS,0,ACTUAL
6/4/2014,7815,CRLS,0,ACTUAL
6/5/2014,7815,CRLS,8,ACTUAL
6/6/2014,7815,CRLS,0,ACTUAL
6/7/2014,7815,CRLS,0,ACTUAL
6/8/2014,7815,CRLS,0,ACTUAL
6/9/2014,7815,CRLS,5,ACTUAL
6/10/2014,7815,CRLS,0,ACTUAL
6/11/2014,7815,CRLS,0,ACTUAL
6/12/2014,7815,CRLS,9,ACTUAL
6/13/2014,7815,CRLS,0,ACTUAL
6/14/2014,7815,CRLS,8,ACTUAL
6/15/2014,7815,CRLS,0,ACTUAL
6/16/2014,7815,CRLS,0,ACTUAL
6/17/2014,7815,CRLS,5,ACTUAL
6/18/2014,7815,CRLS,0,ACTUAL
6/19/2014,7815,CRLS,0,ACTUAL
6/20/2014,7815,CRLS,0,ACTUAL
6/21/2014,7815,CRLS,9,ACTUAL
6/22/2014,7815,CRLS,0,ACTUAL
6/23/2014,7815,CRLS,0,ACTUAL
6/24/2014,7815,CRLS,5,ACTUAL
6/25/2014,7815,CRLS,0,ACTUAL
6/26/2014,7815,CRLS,0,ACTUAL
6/27/2014,7815,CRLS,0,ACTUAL
6/28/2014,7815,CRLS,9,ACTUAL
6/29/2014,7815,CRLS,0,ACTUAL
6/30/2014,7815,CRLS,0,ACTUAL
7/1/2014,7815,CRLS,7,ACTUAL
7/2/2014,7815,CRLS,0,ACTUAL
7/3/2014,7815,CRLS,0,ACTUAL
7/4/2014,7815,CRLS,0,ACTUAL
7/5/2014,7815,CRLS,0,ACTUAL
7/6/2014,7815,CRLS,9,ACTUAL
7/7/2014,7815,CRLS,0,ACTUAL
7/8/2014,7815,CRLS,0,ACTUAL
7/9/2014,7815,CRLS,0,ACTUAL
7/10/2014,7815,CRLS,9,ACTUAL
7/11/2014,7815,CRLS,0,ACTUAL
7/12/2014,7815,CRLS,0,ACTUAL
7/13/2014,7815,CRLS,0,ACTUAL
7/14/2014,7815,CRLS,0,ACTUAL
7/15/2014,7815,CRLS,4,ACTUAL
7/16/2014,7815,CRLS,0,ACTUAL
7/17/2014,7815,CRLS,0,ACTUAL
7/18/2014,7815,CRLS,0,ACTUAL
7/19/2014,7815,CRLS,9,ACTUAL
7/20/2014,7815,CRLS,0,ACTUAL
7/21/2014,7815,CRLS,0,ACTUAL
7/22/2014,7815,CRLS,4,ACTUAL
7/23/2014,7815,CRLS,0,ACTUAL
7/24/2014,7815,CRLS,0,ACTUAL
7/25/2014,7815,CRLS,0,ACTUAL
7/26/2014,7815,CRLS,8,ACTUAL
7/27/2014,7815,CRLS,0,ACTUAL
7/28/2014,7815,CRLS,0,ACTUAL
7/29/2014,7815,CRLS,9,ACTUAL
7/30/2014,7815,CRLS,0,ACTUAL
7/31/2014,7815,CRLS,1,ACTUAL
8/1/2014,7815,CRLS,0,ACTUAL
8/2/2014,7815,CRLS,10,ACTUAL
8/3/2014,7815,CRLS,9,ACTUAL
8/4/2014,7815,CRLS,9,ACTUAL
8/5/2014,7815,CRLS,0,ACTUAL
8/6/2014,7815,CRLS,0,ACTUAL
8/7/2014,7815,CRLS,8,ACTUAL
8/8/2014,7815,CRLS,0,ACTUAL
8/9/2014,7815,CRLS,0,ACTUAL
8/10/2014,7815,CRLS,0,ACTUAL
8/11/2014,7815,CRLS,9,ACTUAL
8/12/2014,7815,CRLS,0,ACTUAL
8/13/2014,7815,CRLS,0,ACTUAL
8/14/2014,7815,CRLS,3,ACTUAL
8/15/2014,7815,CRLS,0,ACTUAL
8/16/2014,7815,CRLS,8,ACTUAL
8/17/2014,7815,CRLS,0,ACTUAL
8/18/2014,7815,CRLS,0,ACTUAL
8/19/2014,7815,CRLS,8,ACTUAL
8/20/2014,7815,CRLS,0,ACTUAL
8/21/2014,7815,CRLS,0,ACTUAL
8/22/2014,7815,CRLS,0,ACTUAL
8/23/2014,7815,CRLS,8,ACTUAL
8/24/2014,7815,CRLS,0,ACTUAL
8/25/2014,7815,CRLS,0,ACTUAL
8/26/2014,7815,CRLS,8,ACTUAL
8/27/2014,7815,CRLS,0,ACTUAL
8/28/2014,7815,CRLS,0,ACTUAL
8/29/2014,7815,CRLS,0,ACTUAL
8/30/2014,7815,CRLS,3,ACTUAL
8/31/2014,7815,CRLS,0,ACTUAL
9/1/2014,7815,CRLS,0,ACTUAL
9/2/2014,7815,CRLS,0,ACTUAL
9/3/2014,7815,CRLS,0,ACTUAL
9/4/2014,7815,CRLS,0,ACTUAL
9/5/2014,7815,CRLS,0,ACTUAL
9/6/2014,7815,CRLS,0,ACTUAL
9/7/2014,7815,CRLS,0,ACTUAL
9/8/2014,7815,CRLS,7,ACTUAL
9/9/2014,7815,CRLS,5,ACTUAL
9/10/2014,7815,CRLS,0,ACTUAL
9/11/2014,7815,CRLS,0,ACTUAL
9/12/2014,7815,CRLS,9,ACTUAL
9/13/2014,7815,CRLS,9,ACTUAL
9/14/2014,7815,CRLS,0,ACTUAL
9/15/2014,7815,CRLS,0,ACTUAL
9/16/2014,7815,CRLS,8,ACTUAL
9/17/2014,7815,CRLS,0,ACTUAL
9/18/2014,7815,CRLS,0,ACTUAL
9/19/2014,7815,CRLS,0,ACTUAL
9/20/2014,7815,CRLS,12,ACTUAL
9/21/2014,7815,CRLS,0,ACTUAL
9/22/2014,7815,CRLS,0,ACTUAL
9/23/2014,7815,CRLS,8,ACTUAL
9/24/2014,7815,CRLS,0,ACTUAL
9/25/2014,7815,CRLS,0,ACTUAL
9/26/2014,7815,CRLS,0,ACTUAL
9/27/2014,7815,CRLS,11,ACTUAL
9/28/2014,7815,CRLS,0,ACTUAL
9/29/2014,7815,CRLS,0,ACTUAL
9/30/2014,7815,CRLS,8,ACTUAL
10/1/2014,7815,CRLS,0,ACTUAL
10/2/2014,7815,CRLS,0,ACTUAL
10/3/2014,7815,CRLS,0,ACTUAL
10/4/2014,7815,CRLS,0,ACTUAL
10/5/2014,7815,CRLS,8,ACTUAL
10/6/2014,7815,CRLS,4,ACTUAL
10/7/2014,7815,CRLS,0,ACTUAL
10/8/2014,7815,CRLS,0,ACTUAL
10/9/2014,7815,CRLS,0,ACTUAL
10/10/2014,7815,CRLS,0,ACTUAL
10/11/2014,7815,CRLS,0,ACTUAL
10/12/2014,7815,CRLS,0,ACTUAL
10/13/2014,7815,CRLS,0,ACTUAL
10/14/2014,7815,CRLS,8,ACTUAL
10/15/2014,7815,CRLS,0,ACTUAL
10/16/2014,7815,CRLS,4,ACTUAL
10/17/2014,7815,CRLS,0,ACTUAL
10/18/2014,7815,CRLS,8,ACTUAL
10/19/2014,7815,CRLS,0,ACTUAL
10/20/2014,7815,CRLS,0,ACTUAL
10/21/2014,7815,CRLS,1,ACTUAL
10/22/2014,7815,CRLS,0,ACTUAL
10/23/2014,7815,CRLS,5,ACTUAL
10/24/2014,7815,CRLS,0,ACTUAL
10/25/2014,7815,CRLS,11,ACTUAL
10/26/2014,7815,CRLS,0,ACTUAL
10/27/2014,7815,CRLS,0,ACTUAL
10/28/2014,7815,CRLS,8,ACTUAL
10/29/2014,7815,CRLS,0,ACTUAL
10/30/2014,7815,CRLS,3,ACTUAL
10/31/2014,7815,CRLS,0,ACTUAL
11/1/2014,7815,CRLS,9,ACTUAL
11/2/2014,7815,CRLS,8,ACTUAL
11/3/2014,7815,CRLS,9,ACTUAL
11/4/2014,7815,CRLS,0,ACTUAL
11/5/2014,7815,CRLS,0,ACTUAL
11/6/2014,7815,CRLS,0,ACTUAL
11/7/2014,7815,CRLS,0,ACTUAL
11/8/2014,7815,CRLS,0,ACTUAL
11/9/2014,7815,CRLS,0,ACTUAL
11/10/2014,7815,CRLS,9,ACTUAL
11/11/2014,7815,CRLS,8,ACTUAL
11/12/2014,7815,CRLS,0,ACTUAL
11/13/2014,7815,CRLS,0,ACTUAL
11/14/2014,7815,CRLS,0,ACTUAL
11/15/2014,7815,CRLS,9,ACTUAL
11/16/2014,7815,CRLS,0,ACTUAL
11/17/2014,7815,CRLS,0,ACTUAL
11/18/2014,7815,CRLS,0,ACTUAL
11/19/2014,7815,CRLS,0,ACTUAL
11/20/2014,7815,CRLS,0,ACTUAL
11/21/2014,7815,CRLS,0,ACTUAL
11/22/2014,7815,CRLS,3,ACTUAL
11/23/2014,7815,CRLS,0,ACTUAL
11/24/2014,7815,CRLS,0,ACTUAL
11/25/2014,7815,CRLS,8,ACTUAL
11/26/2014,7815,CRLS,0,ACTUAL
11/27/2014,7815,CRLS,1,ACTUAL
11/28/2014,7815,CRLS,0,ACTUAL
11/29/2014,7815,CRLS,7,ACTUAL
11/30/2014,7815,CRLS,0,ACTUAL
12/1/2014,7815,CRLS,0,ACTUAL
12/2/2014,7815,CRLS,0,ACTUAL
12/3/2014,7815,CRLS,0,ACTUAL
12/4/2014,7815,CRLS,3,ACTUAL
12/5/2014,7815,CRLS,0,ACTUAL
12/6/2014,7815,CRLS,5,ACTUAL
12/7/2014,7815,CRLS,8,ACTUAL
12/8/2014,7815,CRLS,0,ACTUAL
12/9/2014,7815,CRLS,0,ACTUAL
12/10/2014,7815,CRLS,0,ACTUAL
12/11/2014,7815,CRLS,0,ACTUAL
12/12/2014,7815,CRLS,0,ACTUAL
12/13/2014,7815,CRLS,9,ACTUAL
12/14/2014,7815,CRLS,0,ACTUAL
12/15/2014,7815,CRLS,0,ACTUAL
12/16/2014,7815,CRLS,9,ACTUAL
12/17/2014,7815,CRLS,0,ACTUAL
12/18/2014,7815,CRLS,0,ACTUAL
12/19/2014,7815,CRLS,0,ACTUAL
12/20/2014,7815,CRLS,9,ACTUAL
12/21/2014,7815,CRLS,0,ACTUAL
12/22/2014,7815,CRLS,0,ACTUAL
12/23/2014,7815,CRLS,8,ACTUAL
12/24/2014,7815,CRLS,0,ACTUAL
12/25/2014,7815,CRLS,0,ACTUAL
12/26/2014,7815,CRLS,0,ACTUAL
12/27/2014,7815,CRLS,9,ACTUAL
12/28/2014,7815,CRLS,0,ACTUAL
12/29/2014,7815,CRLS,0,ACTUAL
12/30/2014,7815,CRLS,6,ACTUAL
12/31/2014,7815,CRLS,0,ACTUAL
1/1/2015,7815,CRLS,0,ACTUAL
1/2/2015,7815,CRLS,0,ACTUAL
1/3/2015,7815,CRLS,0,ACTUAL
1/4/2015,7815,CRLS,0,ACTUAL
1/5/2015,7815,CRLS,0,ACTUAL
1/6/2015,7815,CRLS,0,ACTUAL
1/7/2015,7815,CRLS,0,ACTUAL
1/8/2015,7815,CRLS,9,ACTUAL
1/9/2015,7815,CRLS,8,ACTUAL
1/10/2015,7815,CRLS,4,ACTUAL
1/11/2015,7815,CRLS,0,ACTUAL
1/12/2015,7815,CRLS,8,ACTUAL
1/13/2015,7815,CRLS,8,ACTUAL
1/14/2015,7815,CRLS,0,ACTUAL
1/15/2015,7815,CRLS,0,ACTUAL
1/16/2015,7815,CRLS,0,ACTUAL
1/17/2015,7815,CRLS,9,ACTUAL
1/18/2015,7815,CRLS,0,ACTUAL
1/19/2015,7815,CRLS,0,ACTUAL
1/20/2015,7815,CRLS,6,ACTUAL
1/21/2015,7815,CRLS,0,ACTUAL
1/22/2015,7815,CRLS,0,ACTUAL
1/23/2015,7815,CRLS,0,ACTUAL
1/24/2015,7815,CRLS,9,ACTUAL
1/25/2015,7815,CRLS,0,ACTUAL
1/26/2015,7815,CRLS,0,ACTUAL
1/27/2015,7815,CRLS,6,ACTUAL
1/28/2015,7815,CRLS,0,ACTUAL
1/29/2015,7815,CRLS,0,ACTUAL
1/30/2015,7815,CRLS,0,ACTUAL
1/31/2015,7815,CRLS,9,ACTUAL
2/1/2015,7815,CRLS,0,ACTUAL
2/2/2015,7815,CRLS,0,ACTUAL
2/3/2015,7815,CRLS,0,ACTUAL
2/4/2015,7815,CRLS,0,ACTUAL
2/5/2015,7815,CRLS,8,ACTUAL
2/6/2015,7815,CRLS,6,ACTUAL
2/7/2015,7815,CRLS,0,ACTUAL
2/8/2015,7815,CRLS,0,ACTUAL
2/9/2015,7815,CRLS,0,ACTUAL
2/10/2015,7815,CRLS,0,ACTUAL
2/11/2015,7815,CRLS,0,ACTUAL
2/12/2015,7815,CRLS,0,ACTUAL
2/13/2015,7815,CRLS,0,ACTUAL
2/14/2015,7815,CRLS,9,ACTUAL
2/15/2015,7815,CRLS,0,ACTUAL
2/16/2015,7815,CRLS,0,ACTUAL
2/17/2015,7815,CRLS,8,ACTUAL
2/18/2015,7815,CRLS,0,ACTUAL
2/19/2015,7815,CRLS,0,ACTUAL
2/20/2015,7815,CRLS,0,ACTUAL
2/21/2015,7815,CRLS,10,ACTUAL
2/22/2015,7815,CRLS,0,ACTUAL
2/23/2015,7815,CRLS,0,ACTUAL
2/24/2015,7815,CRLS,8,ACTUAL
2/25/2015,7815,CRLS,0,ACTUAL
2/26/2015,7815,CRLS,0,ACTUAL
2/27/2015,7815,CRLS,0,ACTUAL
2/28/2015,7815,CRLS,6,ACTUAL
3/1/2015,7815,CRLS,9,ACTUAL
3/2/2015,7815,CRLS,8,ACTUAL
3/3/2015,7815,CRLS,5,ACTUAL
3/4/2015,7815,CRLS,0,ACTUAL
3/5/2015,7815,CRLS,0,ACTUAL
3/6/2015,7815,CRLS,0,ACTUAL
3/7/2015,7815,CRLS,0,ACTUAL
3/8/2015,7815,CRLS,0,ACTUAL
3/9/2015,7815,CRLS,0,ACTUAL
3/10/2015,7815,CRLS,9,ACTUAL
3/11/2015,7815,CRLS,8,ACTUAL
3/12/2015,7815,CRLS,0,ACTUAL
3/13/2015,7815,CRLS,0,ACTUAL
3/14/2015,7815,CRLS,9,ACTUAL
3/15/2015,7815,CRLS,0,ACTUAL
3/16/2015,7815,CRLS,0,ACTUAL
3/17/2015,7815,CRLS,8,ACTUAL
3/18/2015,7815,CRLS,0,ACTUAL
3/19/2015,7815,CRLS,0,ACTUAL
3/20/2015,7815,CRLS,0,ACTUAL
3/21/2015,7815,CRLS,8,ACTUAL
3/22/2015,7815,CRLS,0,ACTUAL
3/23/2015,7815,CRLS,0,ACTUAL
3/24/2015,7815,CRLS,8,ACTUAL
3/25/2015,7815,CRLS,0,ACTUAL
3/26/2015,7815,CRLS,0,ACTUAL
3/27/2015,7815,CRLS,0,ACTUAL
3/28/2015,7815,CRLS,8,ACTUAL
3/29/2015,7815,CRLS,0,ACTUAL
3/30/2015,7815,CRLS,0,ACTUAL
3/31/2015,7815,CRLS,8,ACTUAL
4/1/2015,7815,CRLS,0,ACTUAL
4/2/2015,7815,CRLS,0,ACTUAL
4/3/2015,7815,CRLS,0,ACTUAL
4/4/2015,7815,CRLS,8,ACTUAL
4/5/2015,7815,CRLS,0,ACTUAL
4/6/2015,7815,CRLS,3,ACTUAL
4/7/2015,7815,CRLS,8,ACTUAL
4/8/2015,7815,CRLS,0,ACTUAL
4/9/2015,7815,CRLS,0,ACTUAL
4/10/2015,7815,CRLS,0,ACTUAL
4/11/2015,7815,CRLS,0,ACTUAL
4/12/2015,7815,CRLS,0,ACTUAL
4/13/2015,7815,CRLS,0,ACTUAL
4/14/2015,7815,CRLS,8,ACTUAL
4/15/2015,7815,CRLS,0,ACTUAL
4/16/2015,7815,CRLS,0,ACTUAL
4/17/2015,7815,CRLS,0,ACTUAL
4/18/2015,7815,CRLS,9,ACTUAL
4/19/2015,7815,CRLS,0,ACTUAL
4/20/2015,7815,CRLS,0,ACTUAL
4/21/2015,7815,CRLS,6,ACTUAL
4/22/2015,7815,CRLS,0,ACTUAL
4/23/2015,7815,CRLS,0,ACTUAL
4/24/2015,7815,CRLS,0,ACTUAL
4/25/2015,7815,CRLS,7,ACTUAL
4/26/2015,7815,CRLS,0,ACTUAL
4/27/2015,7815,CRLS,0,ACTUAL
4/28/2015,7815,CRLS,8,ACTUAL
4/29/2015,7815,CRLS,0,ACTUAL
4/30/2015,7815,CRLS,0,ACTUAL
5/1/2015,7815,CRLS,0,ACTUAL
5/2/2015,7815,CRLS,0,ACTUAL
5/3/2015,7815,CRLS,0,ACTUAL
5/4/2015,7815,CRLS,0,ACTUAL
5/5/2015,7815,CRLS,8,ACTUAL
5/6/2015,7815,CRLS,0,ACTUAL
5/7/2015,7815,CRLS,0,ACTUAL
5/8/2015,7815,CRLS,0,ACTUAL
5/9/2015,7815,CRLS,5,ACTUAL
5/10/2015,7815,CRLS,0,ACTUAL
5/11/2015,7815,CRLS,0,ACTUAL
5/12/2015,7815,CRLS,9,ACTUAL
5/13/2015,7815,CRLS,0,ACTUAL
5/14/2015,7815,CRLS,0,ACTUAL
5/15/2015,7815,CRLS,0,ACTUAL
5/16/2015,7815,CRLS,8,ACTUAL
5/17/2015,7815,CRLS,0,ACTUAL
5/18/2015,7815,CRLS,0,ACTUAL
5/19/2015,7815,CRLS,8,ACTUAL
5/20/2015,7815,CRLS,0,ACTUAL
5/21/2015,7815,CRLS,3,ACTUAL
5/22/2015,7815,CRLS,0,ACTUAL
5/23/2015,7815,CRLS,9,ACTUAL
5/24/2015,7815,CRLS,0,ACTUAL
5/25/2015,7815,CRLS,0,ACTUAL
5/26/2015,7815,CRLS,6,ACTUAL
5/27/2015,7815,CRLS,0,ACTUAL
5/28/2015,7815,CRLS,0,ACTUAL
5/29/2015,7815,CRLS,0,ACTUAL
5/30/2015,7815,CRLS,8,ACTUAL
5/31/2015,7815,CRLS,0,ACTUAL
6/1/2015,7815,CRLS,8,ACTUAL
6/2/2015,7815,CRLS,0,ACTUAL
6/3/2015,7815,CRLS,0,ACTUAL
6/4/2015,7815,CRLS,0,ACTUAL
6/5/2015,7815,CRLS,0,ACTUAL
6/6/2015,7815,CRLS,8,ACTUAL
6/7/2015,7815,CRLS,0,ACTUAL
6/8/2015,7815,CRLS,0,ACTUAL
6/9/2015,7815,CRLS,0,ACTUAL
6/10/2015,7815,CRLS,8,ACTUAL
6/11/2015,7815,CRLS,0,ACTUAL
6/12/2015,7815,CRLS,0,ACTUAL
6/13/2015,7815,CRLS,9,ACTUAL
6/14/2015,7815,CRLS,0,ACTUAL
6/15/2015,7815,CRLS,0,ACTUAL
6/16/2015,7815,CRLS,6,ACTUAL
6/17/2015,7815,CRLS,0,ACTUAL
6/18/2015,7815,CRLS,4,ACTUAL
6/19/2015,7815,CRLS,0,ACTUAL
6/20/2015,7815,CRLS,9,ACTUAL
6/21/2015,7815,CRLS,0,ACTUAL
6/22/2015,7815,CRLS,0,ACTUAL
6/23/2015,7815,CRLS,0,ACTUAL
6/24/2015,7815,CRLS,0,ACTUAL
6/25/2015,7815,CRLS,0,ACTUAL
6/26/2015,7815,CRLS,0,ACTUAL
6/27/2015,7815,CRLS,9,ACTUAL
6/28/2015,7815,CRLS,0,ACTUAL
6/29/2015,7815,CRLS,0,ACTUAL
6/30/2015,7815,CRLS,8,ACTUAL
7/1/2015,7815,CRLS,0,ACTUAL
7/2/2015,7815,CRLS,9,ACTUAL
7/3/2015,7815,CRLS,9,ACTUAL
7/4/2015,7815,CRLS,7,ACTUAL
7/5/2015,7815,CRLS,4,ACTUAL
7/6/2015,7815,CRLS,0,ACTUAL
7/7/2015,7815,CRLS,6,ACTUAL
7/8/2015,7815,CRLS,0,ACTUAL
7/9/2015,7815,CRLS,0,ACTUAL
7/10/2015,7815,CRLS,0,ACTUAL
7/11/2015,7815,CRLS,7,ACTUAL
7/12/2015,7815,CRLS,0,ACTUAL
7/13/2015,7815,CRLS,0,ACTUAL
7/14/2015,7815,CRLS,6,ACTUAL
7/15/2015,7815,CRLS,0,ACTUAL
7/16/2015,7815,CRLS,0,ACTUAL
7/17/2015,7815,CRLS,0,ACTUAL
7/18/2015,7815,CRLS,9,ACTUAL
7/19/2015,7815,CRLS,0,ACTUAL
7/20/2015,7815,CRLS,0,ACTUAL
7/21/2015,7815,CRLS,6,ACTUAL
7/22/2015,7815,CRLS,0,ACTUAL
7/23/2015,7815,CRLS,0,ACTUAL
7/24/2015,7815,CRLS,0,ACTUAL
7/25/2015,7815,CRLS,9,ACTUAL
7/26/2015,7815,CRLS,0,ACTUAL
7/27/2015,7815,CRLS,0,ACTUAL
7/28/2015,7815,CRLS,6,ACTUAL
7/29/2015,7815,CRLS,0,ACTUAL
7/30/2015,7815,CRLS,0,ACTUAL
7/31/2015,7815,CRLS,0,ACTUAL
8/1/2015,7815,CRLS,0,ACTUAL
8/2/2015,7815,CRLS,0,ACTUAL
8/3/2015,7815,CRLS,0,ACTUAL
8/4/2015,7815,CRLS,0,ACTUAL
8/5/2015,7815,CRLS,0,ACTUAL
8/6/2015,7815,CRLS,0,ACTUAL
8/7/2015,7815,CRLS,0,ACTUAL
8/8/2015,7815,CRLS,9,ACTUAL
8/9/2015,7815,CRLS,0,ACTUAL
8/10/2015,7815,CRLS,0,ACTUAL
8/11/2015,7815,CRLS,0,ACTUAL
8/12/2015,7815,CRLS,8,ACTUAL
8/13/2015,7815,CRLS,4,ACTUAL
8/14/2015,7815,CRLS,0,ACTUAL
8/15/2015,7815,CRLS,9,ACTUAL
8/16/2015,7815,CRLS,0,ACTUAL
8/17/2015,7815,CRLS,0,ACTUAL
8/18/2015,7815,CRLS,6,ACTUAL
8/19/2015,7815,CRLS,0,ACTUAL
8/20/2015,7815,CRLS,0,ACTUAL
8/21/2015,7815,CRLS,0,ACTUAL
8/22/2015,7815,CRLS,9,ACTUAL
8/23/2015,7815,CRLS,0,ACTUAL
8/24/2015,7815,CRLS,0,ACTUAL
8/25/2015,7815,CRLS,7,ACTUAL
8/26/2015,7815,CRLS,0,ACTUAL
8/27/2015,7815,CRLS,0,ACTUAL
8/28/2015,7815,CRLS,0,ACTUAL
8/29/2015,7815,CRLS,9,ACTUAL
8/30/2015,7815,CRLS,0,ACTUAL
8/31/2015,7815,CRLS,0,ACTUAL
9/1/2015,7815,CRLS,0,ACTUAL
9/2/2015,7815,CRLS,0,ACTUAL
9/3/2015,7815,CRLS,0,ACTUAL
9/4/2015,7815,CRLS,4,ACTUAL
9/5/2015,7815,CRLS,9,ACTUAL
9/6/2015,7815,CRLS,6,ACTUAL
9/7/2015,7815,CRLS,3,ACTUAL
9/8/2015,7815,CRLS,0,ACTUAL
9/9/2015,7815,CRLS,0,ACTUAL
9/10/2015,7815,CRLS,0,ACTUAL
9/11/2015,7815,CRLS,0,ACTUAL
9/12/2015,7815,CRLS,0,ACTUAL
9/13/2015,7815,CRLS,0,ACTUAL
9/14/2015,7815,CRLS,0,ACTUAL
9/15/2015,7815,CRLS,6,ACTUAL
9/16/2015,7815,CRLS,0,ACTUAL
9/17/2015,7815,CRLS,0,ACTUAL
9/18/2015,7815,CRLS,0,ACTUAL
9/19/2015,7815,CRLS,8,ACTUAL
9/20/2015,7815,CRLS,0,ACTUAL
9/21/2015,7815,CRLS,0,ACTUAL
9/22/2015,7815,CRLS,8,ACTUAL
9/23/2015,7815,CRLS,0,ACTUAL
9/24/2015,7815,CRLS,0,ACTUAL
9/25/2015,7815,CRLS,0,ACTUAL
9/26/2015,7815,CRLS,3,ACTUAL
9/27/2015,7815,CRLS,0,ACTUAL
9/28/2015,7815,CRLS,0,ACTUAL
9/29/2015,7815,CRLS,7,ACTUAL
9/30/2015,7815,CRLS,0,ACTUAL
10/1/2015,7815,CRLS,8,ACTUAL
10/2/2015,7815,CRLS,3,ACTUAL
10/3/2015,7815,CRLS,8,ACTUAL
10/4/2015,7815,CRLS,0,ACTUAL
10/5/2015,7815,CRLS,0,ACTUAL
10/6/2015,7815,CRLS,0,ACTUAL
10/7/2015,7815,CRLS,0,ACTUAL
10/8/2015,7815,CRLS,0,ACTUAL
10/9/2015,7815,CRLS,4,ACTUAL
10/10/2015,7815,CRLS,9,ACTUAL
10/11/2015,7815,CRLS,8,ACTUAL
10/12/2015,7815,CRLS,0,ACTUAL
10/13/2015,7815,CRLS,8,ACTUAL
10/14/2015,7815,CRLS,0,ACTUAL
10/15/2015,7815,CRLS,0,ACTUAL
10/16/2015,7815,CRLS,0,ACTUAL
10/17/2015,7815,CRLS,9,ACTUAL
10/18/2015,7815,CRLS,0,ACTUAL
10/19/2015,7815,CRLS,0,ACTUAL
10/20/2015,7815,CRLS,8,ACTUAL
10/21/2015,7815,CRLS,0,ACTUAL
10/22/2015,7815,CRLS,0,ACTUAL
10/23/2015,7815,CRLS,0,ACTUAL
10/24/2015,7815,CRLS,5,ACTUAL
10/25/2015,7815,CRLS,0,ACTUAL
10/26/2015,7815,CRLS,0,ACTUAL
10/27/2015,7815,CRLS,6,ACTUAL
10/28/2015,7815,CRLS,0,ACTUAL
10/29/2015,7815,CRLS,1,ACTUAL
10/30/2015,7815,CRLS,0,ACTUAL
10/31/2015,7815,CRLS,7,ACTUAL
11/1/2015,7815,CRLS,0,ACTUAL
11/2/2015,7815,CRLS,0,ACTUAL
11/3/2015,7815,CRLS,0,ACTUAL
11/4/2015,7815,CRLS,9,ACTUAL
11/5/2015,7815,CRLS,0,ACTUAL
11/6/2015,7815,CRLS,0,ACTUAL
11/7/2015,7815,CRLS,8,ACTUAL
11/8/2015,7815,CRLS,6,ACTUAL
11/9/2015,7815,CRLS,0,ACTUAL
11/10/2015,7815,CRLS,0,ACTUAL
11/11/2015,7815,CRLS,0,ACTUAL
11/12/2015,7815,CRLS,0,ACTUAL
11/13/2015,7815,CRLS,0,ACTUAL
11/14/2015,7815,CRLS,2,ACTUAL
11/15/2015,7815,CRLS,0,ACTUAL
11/16/2015,7815,CRLS,0,ACTUAL
11/17/2015,7815,CRLS,7,ACTUAL
11/18/2015,7815,CRLS,0,ACTUAL
11/19/2015,7815,CRLS,4,ACTUAL
11/20/2015,7815,CRLS,0,ACTUAL
11/21/2015,7815,CRLS,9,ACTUAL
11/22/2015,7815,CRLS,0,ACTUAL
11/23/2015,7815,CRLS,0,ACTUAL
11/24/2015,7815,CRLS,0,ACTUAL
11/25/2015,7815,CRLS,0,ACTUAL
11/26/2015,7815,CRLS,4,ACTUAL
11/27/2015,7815,CRLS,0,ACTUAL
11/28/2015,7815,CRLS,7,ACTUAL
11/29/2015,7815,CRLS,0,ACTUAL
11/30/2015,7815,CRLS,0,ACTUAL
12/1/2015,7815,CRLS,0,ACTUAL
12/2/2015,7815,CRLS,3,ACTUAL
12/3/2015,7815,CRLS,0,ACTUAL
12/4/2015,7815,CRLS,0,ACTUAL
12/5/2015,7815,CRLS,0,ACTUAL
12/6/2015,7815,CRLS,0,ACTUAL
12/7/2015,7815,CRLS,0,ACTUAL
12/8/2015,7815,CRLS,0,ACTUAL
12/9/2015,7815,CRLS,8,ACTUAL
12/10/2015,7815,CRLS,0,ACTUAL
12/11/2015,7815,CRLS,0,ACTUAL
12/12/2015,7815,CRLS,9,ACTUAL
12/13/2015,7815,CRLS,0,ACTUAL
12/14/2015,7815,CRLS,0,ACTUAL
12/15/2015,7815,CRLS,8,ACTUAL
12/16/2015,7815,CRLS,0,ACTUAL
12/17/2015,7815,CRLS,0,ACTUAL
12/18/2015,7815,CRLS,0,ACTUAL
12/19/2015,7815,CRLS,8,ACTUAL
12/20/2015,7815,CRLS,0,ACTUAL
12/21/2015,7815,CRLS,0,ACTUAL
12/22/2015,7815,CRLS,4,ACTUAL
12/23/2015,7815,CRLS,0,ACTUAL
12/24/2015,7815,CRLS,0,ACTUAL
12/25/2015,7815,CRLS,0,ACTUAL
12/26/2015,7815,CRLS,3,ACTUAL
12/27/2015,7815,CRLS,0,ACTUAL
12/28/2015,7815,CRLS,0,ACTUAL
12/29/2015,7815,CRLS,8,ACTUAL
12/30/2015,7815,CRLS,0,ACTUAL
12/31/2015,7815,CRLS,0,ACTUAL
1/1/2016,7815,CRLS,0,ACTUAL
1/2/2016,7815,CRLS,0,ACTUAL
1/3/2016,7815,CRLS,8,ACTUAL
1/4/2016,7815,CRLS,0,ACTUAL
1/5/2016,7815,CRLS,0,ACTUAL
1/6/2016,7815,CRLS,0,ACTUAL
1/7/2016,7815,CRLS,0,ACTUAL
1/8/2016,7815,CRLS,0,ACTUAL
1/9/2016,7815,CRLS,0,ACTUAL
1/10/2016,7815,CRLS,6,ACTUAL
1/11/2016,7815,CRLS,0,ACTUAL
1/12/2016,7815,CRLS,0,ACTUAL
1/13/2016,7815,CRLS,0,ACTUAL
1/14/2016,7815,CRLS,0,ACTUAL
1/2/2014,6489,EWB,10,ACTUAL
1/3/2014,6489,EWB,9,ACTUAL
1/4/2014,6489,EWB,7,ACTUAL
1/5/2014,6489,EWB,15,ACTUAL
1/6/2014,6489,EWB,18,ACTUAL
1/7/2014,6489,EWB,8,ACTUAL
1/8/2014,6489,EWB,3,ACTUAL
1/9/2014,6489,EWB,11,ACTUAL
1/10/2014,6489,EWB,7,ACTUAL
1/11/2014,6489,EWB,0,ACTUAL
1/12/2014,6489,EWB,10,ACTUAL
1/13/2014,6489,EWB,13,ACTUAL
1/14/2014,6489,EWB,13,ACTUAL
1/15/2014,6489,EWB,10,ACTUAL
1/16/2014,6489,EWB,13,ACTUAL
1/17/2014,6489,EWB,7,ACTUAL
1/18/2014,6489,EWB,8,ACTUAL
1/19/2014,6489,EWB,17,ACTUAL
1/20/2014,6489,EWB,13,ACTUAL
1/21/2014,6489,EWB,6,ACTUAL
1/22/2014,6489,EWB,6,ACTUAL
1/23/2014,6489,EWB,13,ACTUAL
1/24/2014,6489,EWB,9,ACTUAL
1/25/2014,6489,EWB,11,ACTUAL
1/26/2014,6489,EWB,9,ACTUAL
1/27/2014,6489,EWB,16,ACTUAL
1/28/2014,6489,EWB,0,ACTUAL
1/29/2014,6489,EWB,40,ACTUAL
1/30/2014,6489,EWB,13,ACTUAL
1/31/2014,6489,EWB,0,ACTUAL
2/1/2014,6489,EWB,9,ACTUAL
2/2/2014,6489,EWB,20,ACTUAL
2/3/2014,6489,EWB,9,ACTUAL
2/4/2014,6489,EWB,12,ACTUAL
2/5/2014,6489,EWB,6,ACTUAL
2/6/2014,6489,EWB,16,ACTUAL
2/7/2014,6489,EWB,9,ACTUAL
2/8/2014,6489,EWB,4,ACTUAL
2/9/2014,6489,EWB,9,ACTUAL
2/10/2014,6489,EWB,10,ACTUAL
2/11/2014,6489,EWB,14,ACTUAL
2/12/2014,6489,EWB,9,ACTUAL
2/13/2014,6489,EWB,7,ACTUAL
2/14/2014,6489,EWB,8,ACTUAL
2/15/2014,6489,EWB,6,ACTUAL
2/16/2014,6489,EWB,12,ACTUAL
2/17/2014,6489,EWB,12,ACTUAL
2/18/2014,6489,EWB,9,ACTUAL
2/19/2014,6489,EWB,10,ACTUAL
2/20/2014,6489,EWB,3,ACTUAL
2/21/2014,6489,EWB,6,ACTUAL
2/22/2014,6489,EWB,4,ACTUAL
2/23/2014,6489,EWB,17,ACTUAL
2/24/2014,6489,EWB,12,ACTUAL
2/25/2014,6489,EWB,5,ACTUAL
2/26/2014,6489,EWB,11,ACTUAL
2/27/2014,6489,EWB,9,ACTUAL
2/28/2014,6489,EWB,7,ACTUAL
3/1/2014,6489,EWB,12,ACTUAL
3/2/2014,6489,EWB,12,ACTUAL
3/3/2014,6489,EWB,10,ACTUAL
3/4/2014,6489,EWB,9,ACTUAL
3/5/2014,6489,EWB,7,ACTUAL
3/6/2014,6489,EWB,10,ACTUAL
3/7/2014,6489,EWB,5,ACTUAL
3/8/2014,6489,EWB,23,ACTUAL
3/9/2014,6489,EWB,6,ACTUAL
3/10/2014,6489,EWB,6,ACTUAL
3/11/2014,6489,EWB,4,ACTUAL
3/12/2014,6489,EWB,10,ACTUAL
3/13/2014,6489,EWB,8,ACTUAL
3/14/2014,6489,EWB,5,ACTUAL
3/15/2014,6489,EWB,8,ACTUAL
3/16/2014,6489,EWB,17,ACTUAL
3/17/2014,6489,EWB,12,ACTUAL
3/18/2014,6489,EWB,7,ACTUAL
3/19/2014,6489,EWB,4,ACTUAL
3/20/2014,6489,EWB,9,ACTUAL
3/21/2014,6489,EWB,12,ACTUAL
3/22/2014,6489,EWB,5,ACTUAL
3/23/2014,6489,EWB,13,ACTUAL
3/24/2014,6489,EWB,9,ACTUAL
3/25/2014,6489,EWB,7,ACTUAL
3/26/2014,6489,EWB,8,ACTUAL
3/27/2014,6489,EWB,9,ACTUAL
3/28/2014,6489,EWB,5,ACTUAL
3/29/2014,6489,EWB,6,ACTUAL
3/30/2014,6489,EWB,19,ACTUAL
3/31/2014,6489,EWB,8,ACTUAL
4/1/2014,6489,EWB,12,ACTUAL
4/2/2014,6489,EWB,10,ACTUAL
4/3/2014,6489,EWB,7,ACTUAL
4/4/2014,6489,EWB,8,ACTUAL
4/5/2014,6489,EWB,16,ACTUAL
4/6/2014,6489,EWB,7,ACTUAL
4/7/2014,6489,EWB,9,ACTUAL
4/8/2014,6489,EWB,0,ACTUAL
4/9/2014,6489,EWB,4,ACTUAL
4/10/2014,6489,EWB,10,ACTUAL
4/11/2014,6489,EWB,10,ACTUAL
4/12/2014,6489,EWB,8,ACTUAL
4/13/2014,6489,EWB,17,ACTUAL
4/14/2014,6489,EWB,4,ACTUAL
4/15/2014,6489,EWB,8,ACTUAL
4/16/2014,6489,EWB,10,ACTUAL
4/17/2014,6489,EWB,8,ACTUAL
4/18/2014,6489,EWB,9,ACTUAL
4/19/2014,6489,EWB,10,ACTUAL
4/20/2014,6489,EWB,19,ACTUAL
4/21/2014,6489,EWB,10,ACTUAL
4/22/2014,6489,EWB,10,ACTUAL
4/23/2014,6489,EWB,9,ACTUAL
4/24/2014,6489,EWB,10,ACTUAL
4/25/2014,6489,EWB,4,ACTUAL
4/26/2014,6489,EWB,7,ACTUAL
4/27/2014,6489,EWB,20,ACTUAL
4/28/2014,6489,EWB,16,ACTUAL
4/29/2014,6489,EWB,7,ACTUAL
4/30/2014,6489,EWB,15,ACTUAL
5/1/2014,6489,EWB,14,ACTUAL
5/2/2014,6489,EWB,6,ACTUAL
5/3/2014,6489,EWB,4,ACTUAL
5/4/2014,6489,EWB,10,ACTUAL
5/5/2014,6489,EWB,10,ACTUAL
5/6/2014,6489,EWB,10,ACTUAL
5/7/2014,6489,EWB,7,ACTUAL
5/8/2014,6489,EWB,0,ACTUAL
5/9/2014,6489,EWB,4,ACTUAL
5/10/2014,6489,EWB,14,ACTUAL
5/11/2014,6489,EWB,10,ACTUAL
5/12/2014,6489,EWB,6,ACTUAL
5/13/2014,6489,EWB,0,ACTUAL
5/14/2014,6489,EWB,10,ACTUAL
5/15/2014,6489,EWB,7,ACTUAL
5/16/2014,6489,EWB,5,ACTUAL
5/17/2014,6489,EWB,4,ACTUAL
5/18/2014,6489,EWB,15,ACTUAL
5/19/2014,6489,EWB,16,ACTUAL
5/20/2014,6489,EWB,7,ACTUAL
5/21/2014,6489,EWB,9,ACTUAL
5/22/2014,6489,EWB,4,ACTUAL
5/23/2014,6489,EWB,5,ACTUAL
5/24/2014,6489,EWB,9,ACTUAL
5/25/2014,6489,EWB,20,ACTUAL
5/26/2014,6489,EWB,17,ACTUAL
5/27/2014,6489,EWB,10,ACTUAL
5/28/2014,6489,EWB,6,ACTUAL
5/29/2014,6489,EWB,11,ACTUAL
5/30/2014,6489,EWB,6,ACTUAL
5/31/2014,6489,EWB,7,ACTUAL
6/1/2014,6489,EWB,14,ACTUAL
6/2/2014,6489,EWB,8,ACTUAL
6/3/2014,6489,EWB,10,ACTUAL
6/4/2014,6489,EWB,14,ACTUAL
6/5/2014,6489,EWB,8,ACTUAL
6/6/2014,6489,EWB,8,ACTUAL
6/7/2014,6489,EWB,16,ACTUAL
6/8/2014,6489,EWB,0,ACTUAL
6/9/2014,6489,EWB,4,ACTUAL
6/10/2014,6489,EWB,10,ACTUAL
6/11/2014,6489,EWB,8,ACTUAL
6/12/2014,6489,EWB,8,ACTUAL
6/13/2014,6489,EWB,5,ACTUAL
6/14/2014,6489,EWB,13,ACTUAL
6/15/2014,6489,EWB,11,ACTUAL
6/16/2014,6489,EWB,10,ACTUAL
6/17/2014,6489,EWB,3,ACTUAL
6/18/2014,6489,EWB,3,ACTUAL
6/19/2014,6489,EWB,8,ACTUAL
6/20/2014,6489,EWB,9,ACTUAL
6/21/2014,6489,EWB,7,ACTUAL
6/22/2014,6489,EWB,13,ACTUAL
6/23/2014,6489,EWB,20,ACTUAL
6/24/2014,6489,EWB,0,ACTUAL
6/25/2014,6489,EWB,9,ACTUAL
6/26/2014,6489,EWB,10,ACTUAL
6/27/2014,6489,EWB,6,ACTUAL
6/28/2014,6489,EWB,7,ACTUAL
6/29/2014,6489,EWB,16,ACTUAL
6/30/2014,6489,EWB,18,ACTUAL
7/1/2014,6489,EWB,9,ACTUAL
7/2/2014,6489,EWB,10,ACTUAL
7/3/2014,6489,EWB,6,ACTUAL
7/4/2014,6489,EWB,10,ACTUAL
7/5/2014,6489,EWB,8,ACTUAL
7/6/2014,6489,EWB,6,ACTUAL
7/7/2014,6489,EWB,13,ACTUAL
7/8/2014,6489,EWB,7,ACTUAL
7/9/2014,6489,EWB,13,ACTUAL
7/10/2014,6489,EWB,8,ACTUAL
7/11/2014,6489,EWB,9,ACTUAL
7/12/2014,6489,EWB,8,ACTUAL
7/13/2014,6489,EWB,20,ACTUAL
7/14/2014,6489,EWB,20,ACTUAL
7/15/2014,6489,EWB,4,ACTUAL
7/16/2014,6489,EWB,9,ACTUAL
7/17/2014,6489,EWB,5,ACTUAL
7/18/2014,6489,EWB,6,ACTUAL
7/19/2014,6489,EWB,0,ACTUAL
7/20/2014,6489,EWB,15,ACTUAL
7/21/2014,6489,EWB,11,ACTUAL
7/22/2014,6489,EWB,9,ACTUAL
7/23/2014,6489,EWB,10,ACTUAL
7/24/2014,6489,EWB,9,ACTUAL
7/25/2014,6489,EWB,5,ACTUAL
7/26/2014,6489,EWB,5,ACTUAL
7/27/2014,6489,EWB,18,ACTUAL
7/28/2014,6489,EWB,0,ACTUAL
7/29/2014,6489,EWB,8,ACTUAL
7/30/2014,6489,EWB,10,ACTUAL
7/31/2014,6489,EWB,8,ACTUAL
8/1/2014,6489,EWB,14,ACTUAL
8/2/2014,6489,EWB,15,ACTUAL
8/3/2014,6489,EWB,7,ACTUAL
8/4/2014,6489,EWB,6,ACTUAL
8/5/2014,6489,EWB,9,ACTUAL
8/6/2014,6489,EWB,13,ACTUAL
8/7/2014,6489,EWB,8,ACTUAL
8/8/2014,6489,EWB,5,ACTUAL
8/9/2014,6489,EWB,5,ACTUAL
8/10/2014,6489,EWB,10,ACTUAL
8/11/2014,6489,EWB,7,ACTUAL
8/12/2014,6489,EWB,7,ACTUAL
8/13/2014,6489,EWB,9,ACTUAL
8/14/2014,6489,EWB,10,ACTUAL
8/15/2014,6489,EWB,5,ACTUAL
8/16/2014,6489,EWB,9,ACTUAL
8/17/2014,6489,EWB,15,ACTUAL
8/18/2014,6489,EWB,5,ACTUAL
8/19/2014,6489,EWB,11,ACTUAL
8/20/2014,6489,EWB,7,ACTUAL
8/21/2014,6489,EWB,3,ACTUAL
8/22/2014,6489,EWB,5,ACTUAL
8/23/2014,6489,EWB,10,ACTUAL
8/24/2014,6489,EWB,20,ACTUAL
8/25/2014,6489,EWB,12,ACTUAL
8/26/2014,6489,EWB,8,ACTUAL
8/27/2014,6489,EWB,10,ACTUAL
8/28/2014,6489,EWB,10,ACTUAL
8/29/2014,6489,EWB,4,ACTUAL
8/30/2014,6489,EWB,3,ACTUAL
8/31/2014,6489,EWB,16,ACTUAL
9/1/2014,6489,EWB,10,ACTUAL
9/2/2014,6489,EWB,0,ACTUAL
9/3/2014,6489,EWB,14,ACTUAL
9/4/2014,6489,EWB,8,ACTUAL
9/5/2014,6489,EWB,7,ACTUAL
9/6/2014,6489,EWB,16,ACTUAL
9/7/2014,6489,EWB,15,ACTUAL
9/8/2014,6489,EWB,7,ACTUAL
9/9/2014,6489,EWB,6,ACTUAL
9/10/2014,6489,EWB,5,ACTUAL
9/11/2014,6489,EWB,10,ACTUAL
9/12/2014,6489,EWB,3,ACTUAL
9/13/2014,6489,EWB,7,ACTUAL
9/14/2014,6489,EWB,13,ACTUAL
9/15/2014,6489,EWB,7,ACTUAL
9/16/2014,6489,EWB,6,ACTUAL
9/17/2014,6489,EWB,7,ACTUAL
9/18/2014,6489,EWB,6,ACTUAL
9/19/2014,6489,EWB,5,ACTUAL
9/20/2014,6489,EWB,7,ACTUAL
9/21/2014,6489,EWB,13,ACTUAL
9/22/2014,6489,EWB,10,ACTUAL
9/23/2014,6489,EWB,8,ACTUAL
9/24/2014,6489,EWB,10,ACTUAL
9/25/2014,6489,EWB,6,ACTUAL
9/26/2014,6489,EWB,6,ACTUAL
9/27/2014,6489,EWB,7,ACTUAL
9/28/2014,6489,EWB,9,ACTUAL
9/29/2014,6489,EWB,7,ACTUAL
9/30/2014,6489,EWB,5,ACTUAL
10/1/2014,6489,EWB,7,ACTUAL
10/2/2014,6489,EWB,11,ACTUAL
10/3/2014,6489,EWB,11,ACTUAL
10/4/2014,6489,EWB,5,ACTUAL
10/5/2014,6489,EWB,8,ACTUAL
10/6/2014,6489,EWB,5,ACTUAL
10/7/2014,6489,EWB,6,ACTUAL
10/8/2014,6489,EWB,13,ACTUAL
10/9/2014,6489,EWB,8,ACTUAL
10/10/2014,6489,EWB,4,ACTUAL
10/11/2014,6489,EWB,10,ACTUAL
10/12/2014,6489,EWB,9,ACTUAL
10/13/2014,6489,EWB,8,ACTUAL
10/14/2014,6489,EWB,7,ACTUAL
10/15/2014,6489,EWB,8,ACTUAL
10/16/2014,6489,EWB,10,ACTUAL
10/17/2014,6489,EWB,4,ACTUAL
10/18/2014,6489,EWB,8,ACTUAL
10/19/2014,6489,EWB,15,ACTUAL
10/20/2014,6489,EWB,10,ACTUAL
10/21/2014,6489,EWB,8,ACTUAL
10/22/2014,6489,EWB,8,ACTUAL
10/23/2014,6489,EWB,10,ACTUAL
10/24/2014,6489,EWB,7,ACTUAL
10/25/2014,6489,EWB,9,ACTUAL
10/26/2014,6489,EWB,13,ACTUAL
10/27/2014,6489,EWB,10,ACTUAL
10/28/2014,6489,EWB,9,ACTUAL
10/29/2014,6489,EWB,10,ACTUAL
10/30/2014,6489,EWB,9,ACTUAL
10/31/2014,6489,EWB,10,ACTUAL
11/1/2014,6489,EWB,6,ACTUAL
11/2/2014,6489,EWB,9,ACTUAL
11/3/2014,6489,EWB,4,ACTUAL
11/4/2014,6489,EWB,5,ACTUAL
11/5/2014,6489,EWB,23,ACTUAL
11/6/2014,6489,EWB,4,ACTUAL
11/7/2014,6489,EWB,2,ACTUAL
11/8/2014,6489,EWB,10,ACTUAL
11/9/2014,6489,EWB,7,ACTUAL
11/10/2014,6489,EWB,9,ACTUAL
11/11/2014,6489,EWB,7,ACTUAL
11/12/2014,6489,EWB,7,ACTUAL
11/13/2014,6489,EWB,9,ACTUAL
11/14/2014,6489,EWB,2,ACTUAL
11/15/2014,6489,EWB,8,ACTUAL
11/16/2014,6489,EWB,15,ACTUAL
11/17/2014,6489,EWB,10,ACTUAL
11/18/2014,6489,EWB,9,ACTUAL
11/19/2014,6489,EWB,8,ACTUAL
11/20/2014,6489,EWB,8,ACTUAL
11/21/2014,6489,EWB,7,ACTUAL
11/22/2014,6489,EWB,7,ACTUAL
11/23/2014,6489,EWB,13,ACTUAL
11/24/2014,6489,EWB,9,ACTUAL
11/25/2014,6489,EWB,8,ACTUAL
11/26/2014,6489,EWB,10,ACTUAL
11/27/2014,6489,EWB,9,ACTUAL
11/28/2014,6489,EWB,9,ACTUAL
11/29/2014,6489,EWB,7,ACTUAL
11/30/2014,6489,EWB,10,ACTUAL
12/1/2014,6489,EWB,20,ACTUAL
12/2/2014,6489,EWB,13,ACTUAL
12/3/2014,6489,EWB,9,ACTUAL
12/4/2014,6489,EWB,6,ACTUAL
12/5/2014,6489,EWB,0,ACTUAL
12/6/2014,6489,EWB,7,ACTUAL
12/7/2014,6489,EWB,6,ACTUAL
12/8/2014,6489,EWB,10,ACTUAL
12/9/2014,6489,EWB,10,ACTUAL
12/10/2014,6489,EWB,15,ACTUAL
12/11/2014,6489,EWB,5,ACTUAL
12/12/2014,6489,EWB,4,ACTUAL
12/13/2014,6489,EWB,10,ACTUAL
12/14/2014,6489,EWB,5,ACTUAL
12/15/2014,6489,EWB,7,ACTUAL
12/16/2014,6489,EWB,9,ACTUAL
12/17/2014,6489,EWB,7,ACTUAL
12/18/2014,6489,EWB,13,ACTUAL
12/19/2014,6489,EWB,0,ACTUAL
12/20/2014,6489,EWB,8,ACTUAL
12/21/2014,6489,EWB,5,ACTUAL
12/22/2014,6489,EWB,8,ACTUAL
12/23/2014,6489,EWB,0,ACTUAL
12/24/2014,6489,EWB,1,ACTUAL
12/25/2014,6489,EWB,10,ACTUAL
12/26/2014,6489,EWB,7,ACTUAL
12/27/2014,6489,EWB,5,ACTUAL
12/28/2014,6489,EWB,6,ACTUAL
12/29/2014,6489,EWB,7,ACTUAL
12/30/2014,6489,EWB,7,ACTUAL
12/31/2014,6489,EWB,9,ACTUAL
1/1/2015,6489,EWB,10,ACTUAL
1/2/2015,6489,EWB,13,ACTUAL
1/3/2015,6489,EWB,13,ACTUAL
1/4/2015,6489,EWB,2,ACTUAL
1/5/2015,6489,EWB,0,ACTUAL
1/6/2015,6489,EWB,8,ACTUAL
1/7/2015,6489,EWB,4,ACTUAL
1/8/2015,6489,EWB,5,ACTUAL
1/9/2015,6489,EWB,2,ACTUAL
1/10/2015,6489,EWB,6,ACTUAL
1/11/2015,6489,EWB,9,ACTUAL
1/12/2015,6489,EWB,9,ACTUAL
1/13/2015,6489,EWB,8,ACTUAL
1/14/2015,6489,EWB,6,ACTUAL
1/15/2015,6489,EWB,4,ACTUAL
1/16/2015,6489,EWB,6,ACTUAL
1/17/2015,6489,EWB,4,ACTUAL
1/18/2015,6489,EWB,8,ACTUAL
1/19/2015,6489,EWB,0,ACTUAL
1/20/2015,6489,EWB,9,ACTUAL
1/21/2015,6489,EWB,5,ACTUAL
1/22/2015,6489,EWB,4,ACTUAL
1/23/2015,6489,EWB,5,ACTUAL
1/24/2015,6489,EWB,8,ACTUAL
1/25/2015,6489,EWB,13,ACTUAL
1/26/2015,6489,EWB,7,ACTUAL
1/27/2015,6489,EWB,7,ACTUAL
1/28/2015,6489,EWB,5,ACTUAL
1/29/2015,6489,EWB,2,ACTUAL
1/30/2015,6489,EWB,6,ACTUAL
1/31/2015,6489,EWB,8,ACTUAL
2/1/2015,6489,EWB,7,ACTUAL
2/2/2015,6489,EWB,8,ACTUAL
2/3/2015,6489,EWB,4,ACTUAL
2/4/2015,6489,EWB,1,ACTUAL
2/5/2015,6489,EWB,0,ACTUAL
2/6/2015,6489,EWB,8,ACTUAL
2/7/2015,6489,EWB,1,ACTUAL
2/8/2015,6489,EWB,13,ACTUAL
2/9/2015,6489,EWB,3,ACTUAL
2/10/2015,6489,EWB,9,ACTUAL
2/11/2015,6489,EWB,8,ACTUAL
2/12/2015,6489,EWB,7,ACTUAL
2/13/2015,6489,EWB,2,ACTUAL
2/14/2015,6489,EWB,8,ACTUAL
2/15/2015,6489,EWB,5,ACTUAL
2/16/2015,6489,EWB,3,ACTUAL
2/17/2015,6489,EWB,15,ACTUAL
2/18/2015,6489,EWB,13,ACTUAL
2/19/2015,6489,EWB,0,ACTUAL
2/20/2015,6489,EWB,0,ACTUAL
2/21/2015,6489,EWB,8,ACTUAL
2/22/2015,6489,EWB,9,ACTUAL
2/23/2015,6489,EWB,8,ACTUAL
2/24/2015,6489,EWB,3,ACTUAL
2/25/2015,6489,EWB,3,ACTUAL
2/26/2015,6489,EWB,8,ACTUAL
2/27/2015,6489,EWB,4,ACTUAL
2/28/2015,6489,EWB,2,ACTUAL
3/1/2015,6489,EWB,6,ACTUAL
3/2/2015,6489,EWB,4,ACTUAL
3/3/2015,6489,EWB,3,ACTUAL
3/4/2015,6489,EWB,8,ACTUAL
3/5/2015,6489,EWB,0,ACTUAL
3/6/2015,6489,EWB,8,ACTUAL
3/7/2015,6489,EWB,3,ACTUAL
3/8/2015,6489,EWB,8,ACTUAL
3/9/2015,6489,EWB,1,ACTUAL
3/10/2015,6489,EWB,3,ACTUAL
3/11/2015,6489,EWB,8,ACTUAL
3/12/2015,6489,EWB,4,ACTUAL
3/13/2015,6489,EWB,6,ACTUAL
3/14/2015,6489,EWB,8,ACTUAL
3/15/2015,6489,EWB,8,ACTUAL
3/16/2015,6489,EWB,8,ACTUAL
3/17/2015,6489,EWB,8,ACTUAL
3/18/2015,6489,EWB,8,ACTUAL
3/19/2015,6489,EWB,4,ACTUAL
3/20/2015,6489,EWB,4,ACTUAL
3/21/2015,6489,EWB,8,ACTUAL
3/22/2015,6489,EWB,0,ACTUAL
3/23/2015,6489,EWB,4,ACTUAL
3/24/2015,6489,EWB,8,ACTUAL
3/25/2015,6489,EWB,0,ACTUAL
3/26/2015,6489,EWB,8,ACTUAL
3/27/2015,6489,EWB,0,ACTUAL
3/28/2015,6489,EWB,3,ACTUAL
3/29/2015,6489,EWB,13,ACTUAL
3/30/2015,6489,EWB,6,ACTUAL
3/31/2015,6489,EWB,4,ACTUAL
4/1/2015,6489,EWB,13,ACTUAL
4/2/2015,6489,EWB,8,ACTUAL
4/3/2015,6489,EWB,8,ACTUAL
4/4/2015,6489,EWB,0,ACTUAL
4/5/2015,6489,EWB,0,ACTUAL
4/6/2015,6489,EWB,1,ACTUAL
4/7/2015,6489,EWB,2,ACTUAL
4/8/2015,6489,EWB,6,ACTUAL
4/9/2015,6489,EWB,5,ACTUAL
4/10/2015,6489,EWB,13,ACTUAL
4/11/2015,6489,EWB,4,ACTUAL
4/12/2015,6489,EWB,3,ACTUAL
4/13/2015,6489,EWB,6,ACTUAL
4/14/2015,6489,EWB,8,ACTUAL
4/15/2015,6489,EWB,8,ACTUAL
4/16/2015,6489,EWB,4,ACTUAL
4/17/2015,6489,EWB,2,ACTUAL
4/18/2015,6489,EWB,8,ACTUAL
4/19/2015,6489,EWB,9,ACTUAL
4/20/2015,6489,EWB,9,ACTUAL
4/21/2015,6489,EWB,8,ACTUAL
4/22/2015,6489,EWB,4,ACTUAL
4/23/2015,6489,EWB,8,ACTUAL
4/24/2015,6489,EWB,4,ACTUAL
4/25/2015,6489,EWB,1,ACTUAL
4/26/2015,6489,EWB,6,ACTUAL
4/27/2015,6489,EWB,8,ACTUAL
4/28/2015,6489,EWB,8,ACTUAL
4/29/2015,6489,EWB,0,ACTUAL
4/30/2015,6489,EWB,0,ACTUAL
5/1/2015,6489,EWB,9,ACTUAL
5/2/2015,6489,EWB,8,ACTUAL
5/3/2015,6489,EWB,8,ACTUAL
5/4/2015,6489,EWB,13,ACTUAL
5/5/2015,6489,EWB,4,ACTUAL
5/6/2015,6489,EWB,5,ACTUAL
5/7/2015,6489,EWB,9,ACTUAL
5/8/2015,6489,EWB,5,ACTUAL
5/9/2015,6489,EWB,4,ACTUAL
5/10/2015,6489,EWB,4,ACTUAL
5/11/2015,6489,EWB,2,ACTUAL
5/12/2015,6489,EWB,6,ACTUAL
5/13/2015,6489,EWB,3,ACTUAL
5/14/2015,6489,EWB,3,ACTUAL
5/15/2015,6489,EWB,6,ACTUAL
5/16/2015,6489,EWB,2,ACTUAL
5/17/2015,6489,EWB,10,ACTUAL
5/18/2015,6489,EWB,0,ACTUAL
5/19/2015,6489,EWB,8,ACTUAL
5/20/2015,6489,EWB,2,ACTUAL
5/21/2015,6489,EWB,5,ACTUAL
5/22/2015,6489,EWB,2,ACTUAL
5/23/2015,6489,EWB,2,ACTUAL
5/24/2015,6489,EWB,11,ACTUAL
5/25/2015,6489,EWB,8,ACTUAL
5/26/2015,6489,EWB,8,ACTUAL
5/27/2015,6489,EWB,8,ACTUAL
5/28/2015,6489,EWB,8,ACTUAL
5/29/2015,6489,EWB,6,ACTUAL
5/30/2015,6489,EWB,4,ACTUAL
5/31/2015,6489,EWB,5,ACTUAL
6/1/2015,6489,EWB,5,ACTUAL
6/2/2015,6489,EWB,1,ACTUAL
6/3/2015,6489,EWB,2,ACTUAL
6/4/2015,6489,EWB,6,ACTUAL
6/5/2015,6489,EWB,8,ACTUAL
6/6/2015,6489,EWB,1,ACTUAL
6/7/2015,6489,EWB,4,ACTUAL
6/8/2015,6489,EWB,8,ACTUAL
6/9/2015,6489,EWB,13,ACTUAL
6/10/2015,6489,EWB,6,ACTUAL
6/11/2015,6489,EWB,4,ACTUAL
6/12/2015,6489,EWB,5,ACTUAL
6/13/2015,6489,EWB,5,ACTUAL
6/14/2015,6489,EWB,13,ACTUAL
6/15/2015,6489,EWB,7,ACTUAL
6/16/2015,6489,EWB,8,ACTUAL
6/17/2015,6489,EWB,8,ACTUAL
6/18/2015,6489,EWB,4,ACTUAL
6/19/2015,6489,EWB,2,ACTUAL
6/20/2015,6489,EWB,8,ACTUAL
6/21/2015,6489,EWB,5,ACTUAL
6/22/2015,6489,EWB,8,ACTUAL
6/23/2015,6489,EWB,8,ACTUAL
6/24/2015,6489,EWB,2,ACTUAL
6/25/2015,6489,EWB,10,ACTUAL
6/26/2015,6489,EWB,4,ACTUAL
6/27/2015,6489,EWB,3,ACTUAL
6/28/2015,6489,EWB,13,ACTUAL
6/29/2015,6489,EWB,5,ACTUAL
6/30/2015,6489,EWB,3,ACTUAL
7/1/2015,6489,EWB,8,ACTUAL
7/2/2015,6489,EWB,8,ACTUAL
7/3/2015,6489,EWB,8,ACTUAL
7/4/2015,6489,EWB,4,ACTUAL
7/5/2015,6489,EWB,8,ACTUAL
7/6/2015,6489,EWB,11,ACTUAL
7/7/2015,6489,EWB,5,ACTUAL
7/8/2015,6489,EWB,2,ACTUAL
7/9/2015,6489,EWB,8,ACTUAL
7/10/2015,6489,EWB,8,ACTUAL
7/11/2015,6489,EWB,2,ACTUAL
7/12/2015,6489,EWB,4,ACTUAL
7/13/2015,6489,EWB,6,ACTUAL
7/14/2015,6489,EWB,3,ACTUAL
7/15/2015,6489,EWB,7,ACTUAL
7/16/2015,6489,EWB,5,ACTUAL
7/17/2015,6489,EWB,0,ACTUAL
7/18/2015,6489,EWB,4,ACTUAL
7/19/2015,6489,EWB,13,ACTUAL
7/20/2015,6489,EWB,9,ACTUAL
7/21/2015,6489,EWB,8,ACTUAL
7/22/2015,6489,EWB,7,ACTUAL
7/23/2015,6489,EWB,5,ACTUAL
7/24/2015,6489,EWB,6,ACTUAL
7/25/2015,6489,EWB,2,ACTUAL
7/26/2015,6489,EWB,13,ACTUAL
7/27/2015,6489,EWB,0,ACTUAL
7/28/2015,6489,EWB,8,ACTUAL
7/29/2015,6489,EWB,9,ACTUAL
7/30/2015,6489,EWB,8,ACTUAL
7/31/2015,6489,EWB,4,ACTUAL
8/1/2015,6489,EWB,5,ACTUAL
8/2/2015,6489,EWB,9,ACTUAL
8/3/2015,6489,EWB,6,ACTUAL
8/4/2015,6489,EWB,8,ACTUAL
8/5/2015,6489,EWB,3,ACTUAL
8/6/2015,6489,EWB,8,ACTUAL
8/7/2015,6489,EWB,1,ACTUAL
8/8/2015,6489,EWB,3,ACTUAL
8/9/2015,6489,EWB,7,ACTUAL
8/10/2015,6489,EWB,5,ACTUAL
8/11/2015,6489,EWB,13,ACTUAL
8/12/2015,6489,EWB,2,ACTUAL
8/13/2015,6489,EWB,6,ACTUAL
8/14/2015,6489,EWB,2,ACTUAL
8/15/2015,6489,EWB,2,ACTUAL
8/16/2015,6489,EWB,4,ACTUAL
8/17/2015,6489,EWB,7,ACTUAL
8/18/2015,6489,EWB,5,ACTUAL
8/19/2015,6489,EWB,5,ACTUAL
8/20/2015,6489,EWB,5,ACTUAL
8/21/2015,6489,EWB,2,ACTUAL
8/22/2015,6489,EWB,3,ACTUAL
8/23/2015,6489,EWB,9,ACTUAL
8/24/2015,6489,EWB,9,ACTUAL
8/25/2015,6489,EWB,4,ACTUAL
8/26/2015,6489,EWB,4,ACTUAL
8/27/2015,6489,EWB,8,ACTUAL
8/28/2015,6489,EWB,3,ACTUAL
8/29/2015,6489,EWB,4,ACTUAL
8/30/2015,6489,EWB,11,ACTUAL
8/31/2015,6489,EWB,5,ACTUAL
9/1/2015,6489,EWB,6,ACTUAL
9/2/2015,6489,EWB,8,ACTUAL
9/3/2015,6489,EWB,8,ACTUAL
9/4/2015,6489,EWB,4,ACTUAL
9/5/2015,6489,EWB,4,ACTUAL
9/6/2015,6489,EWB,8,ACTUAL
9/7/2015,6489,EWB,4,ACTUAL
9/8/2015,6489,EWB,0,ACTUAL
9/9/2015,6489,EWB,6,ACTUAL
9/10/2015,6489,EWB,7,ACTUAL
9/11/2015,6489,EWB,6,ACTUAL
9/12/2015,6489,EWB,7,ACTUAL
9/13/2015,6489,EWB,13,ACTUAL
9/14/2015,6489,EWB,7,ACTUAL
9/15/2015,6489,EWB,9,ACTUAL
9/16/2015,6489,EWB,2,ACTUAL
9/17/2015,6489,EWB,1,ACTUAL
9/18/2015,6489,EWB,3,ACTUAL
9/19/2015,6489,EWB,4,ACTUAL
9/20/2015,6489,EWB,9,ACTUAL
9/21/2015,6489,EWB,10,ACTUAL
9/22/2015,6489,EWB,6,ACTUAL
9/23/2015,6489,EWB,3,ACTUAL
9/24/2015,6489,EWB,10,ACTUAL
9/25/2015,6489,EWB,5,ACTUAL
9/26/2015,6489,EWB,5,ACTUAL
9/27/2015,6489,EWB,8,ACTUAL
9/28/2015,6489,EWB,6,ACTUAL
9/29/2015,6489,EWB,8,ACTUAL
9/30/2015,6489,EWB,10,ACTUAL
10/1/2015,6489,EWB,8,ACTUAL
10/2/2015,6489,EWB,8,ACTUAL
10/3/2015,6489,EWB,3,ACTUAL
10/4/2015,6489,EWB,3,ACTUAL
10/5/2015,6489,EWB,9,ACTUAL
10/6/2015,6489,EWB,8,ACTUAL
10/7/2015,6489,EWB,6,ACTUAL
10/8/2015,6489,EWB,9,ACTUAL
10/9/2015,6489,EWB,4,ACTUAL
10/10/2015,6489,EWB,10,ACTUAL
10/11/2015,6489,EWB,6,ACTUAL
10/12/2015,6489,EWB,5,ACTUAL
10/13/2015,6489,EWB,6,ACTUAL
10/14/2015,6489,EWB,6,ACTUAL
10/15/2015,6489,EWB,8,ACTUAL
10/16/2015,6489,EWB,3,ACTUAL
10/17/2015,6489,EWB,2,ACTUAL
10/18/2015,6489,EWB,13,ACTUAL
10/19/2015,6489,EWB,9,ACTUAL
10/20/2015,6489,EWB,6,ACTUAL
10/21/2015,6489,EWB,7,ACTUAL
10/22/2015,6489,EWB,3,ACTUAL
10/23/2015,6489,EWB,6,ACTUAL
10/24/2015,6489,EWB,8,ACTUAL
10/25/2015,6489,EWB,13,ACTUAL
10/26/2015,6489,EWB,10,ACTUAL
10/27/2015,6489,EWB,5,ACTUAL
10/28/2015,6489,EWB,7,ACTUAL
10/29/2015,6489,EWB,10,ACTUAL
10/30/2015,6489,EWB,4,ACTUAL
10/31/2015,6489,EWB,3,ACTUAL
11/1/2015,6489,EWB,13,ACTUAL
11/2/2015,6489,EWB,6,ACTUAL
11/3/2015,6489,EWB,7,ACTUAL
11/4/2015,6489,EWB,3,ACTUAL
11/5/2015,6489,EWB,4,ACTUAL
11/6/2015,6489,EWB,3,ACTUAL
11/7/2015,6489,EWB,7,ACTUAL
11/8/2015,6489,EWB,6,ACTUAL
11/9/2015,6489,EWB,3,ACTUAL
11/10/2015,6489,EWB,13,ACTUAL
11/11/2015,6489,EWB,3,ACTUAL
11/12/2015,6489,EWB,8,ACTUAL
11/13/2015,6489,EWB,0,ACTUAL
11/14/2015,6489,EWB,6,ACTUAL
11/15/2015,6489,EWB,13,ACTUAL
11/16/2015,6489,EWB,10,ACTUAL
11/17/2015,6489,EWB,10,ACTUAL
11/18/2015,6489,EWB,7,ACTUAL
11/19/2015,6489,EWB,8,ACTUAL
11/20/2015,6489,EWB,4,ACTUAL
11/21/2015,6489,EWB,1,ACTUAL
11/22/2015,6489,EWB,9,ACTUAL
11/23/2015,6489,EWB,9,ACTUAL
11/24/2015,6489,EWB,7,ACTUAL
11/25/2015,6489,EWB,7,ACTUAL
11/26/2015,6489,EWB,8,ACTUAL
11/27/2015,6489,EWB,10,ACTUAL
11/28/2015,6489,EWB,0,ACTUAL
11/29/2015,6489,EWB,8,ACTUAL
11/30/2015,6489,EWB,5,ACTUAL
12/1/2015,6489,EWB,8,ACTUAL
12/2/2015,6489,EWB,8,ACTUAL
12/3/2015,6489,EWB,8,ACTUAL
12/4/2015,6489,EWB,13,ACTUAL
12/5/2015,6489,EWB,3,ACTUAL
12/6/2015,6489,EWB,1,ACTUAL
12/7/2015,6489,EWB,13,ACTUAL
12/8/2015,6489,EWB,5,ACTUAL
12/9/2015,6489,EWB,10,ACTUAL
12/10/2015,6489,EWB,6,ACTUAL
12/11/2015,6489,EWB,6,ACTUAL
12/12/2015,6489,EWB,0,ACTUAL
12/13/2015,6489,EWB,8,ACTUAL
12/14/2015,6489,EWB,7,ACTUAL
12/15/2015,6489,EWB,1,ACTUAL
12/16/2015,6489,EWB,10,ACTUAL
12/17/2015,6489,EWB,6,ACTUAL
12/18/2015,6489,EWB,4,ACTUAL
12/19/2015,6489,EWB,5,ACTUAL
12/20/2015,6489,EWB,8,ACTUAL
12/21/2015,6489,EWB,5,ACTUAL
12/22/2015,6489,EWB,4,ACTUAL
12/23/2015,6489,EWB,2,ACTUAL
12/24/2015,6489,EWB,6,ACTUAL
12/25/2015,6489,EWB,5,ACTUAL
12/26/2015,6489,EWB,10,ACTUAL
12/27/2015,6489,EWB,7,ACTUAL
12/28/2015,6489,EWB,9,ACTUAL
12/29/2015,6489,EWB,7,ACTUAL
12/30/2015,6489,EWB,4,ACTUAL
12/31/2015,6489,EWB,0,ACTUAL
1/1/2016,6489,EWB,0,ACTUAL
1/2/2016,6489,EWB,0,ACTUAL
1/3/2016,6489,EWB,0,ACTUAL
1/4/2016,6489,EWB,0,ACTUAL
1/5/2016,6489,EWB,0,ACTUAL
1/6/2016,6489,EWB,0,ACTUAL
1/7/2016,6489,EWB,0,ACTUAL
1/8/2016,6489,EWB,0,ACTUAL
1/9/2016,6489,EWB,0,ACTUAL
1/10/2016,6489,EWB,6,ACTUAL
1/11/2016,6489,EWB,4,ACTUAL
1/12/2016,6489,EWB,0,ACTUAL
1/13/2016,6489,EWB,0,ACTUAL
1/14/2016,6489,EWB,0,ACTUAL
1/2/2014,1248,FGWM,0,ACTUAL
1/3/2014,1248,FGWM,4,ACTUAL
1/4/2014,1248,FGWM,3,ACTUAL
1/5/2014,1248,FGWM,3,ACTUAL
1/6/2014,1248,FGWM,6,ACTUAL
1/7/2014,1248,FGWM,3,ACTUAL
1/8/2014,1248,FGWM,6,ACTUAL
1/9/2014,1248,FGWM,3,ACTUAL
1/10/2014,1248,FGWM,4,ACTUAL
1/11/2014,1248,FGWM,5,ACTUAL
1/12/2014,1248,FGWM,5,ACTUAL
1/13/2014,1248,FGWM,3,ACTUAL
1/14/2014,1248,FGWM,4,ACTUAL
1/15/2014,1248,FGWM,5,ACTUAL
1/16/2014,1248,FGWM,5,ACTUAL
1/17/2014,1248,FGWM,4,ACTUAL
1/18/2014,1248,FGWM,4,ACTUAL
1/19/2014,1248,FGWM,4,ACTUAL
1/20/2014,1248,FGWM,4,ACTUAL
1/21/2014,1248,FGWM,5,ACTUAL
1/22/2014,1248,FGWM,1,ACTUAL
1/23/2014,1248,FGWM,5,ACTUAL
1/24/2014,1248,FGWM,4,ACTUAL
1/25/2014,1248,FGWM,2,ACTUAL
1/26/2014,1248,FGWM,4,ACTUAL
1/27/2014,1248,FGWM,2,ACTUAL
1/28/2014,1248,FGWM,4,ACTUAL
1/29/2014,1248,FGWM,4,ACTUAL
1/30/2014,1248,FGWM,0,ACTUAL
1/31/2014,1248,FGWM,0,ACTUAL
2/1/2014,1248,FGWM,4,ACTUAL
2/2/2014,1248,FGWM,0,ACTUAL
2/3/2014,1248,FGWM,4,ACTUAL
2/4/2014,1248,FGWM,2,ACTUAL
2/5/2014,1248,FGWM,5,ACTUAL
2/6/2014,1248,FGWM,6,ACTUAL
2/7/2014,1248,FGWM,2,ACTUAL
2/8/2014,1248,FGWM,0,ACTUAL
2/9/2014,1248,FGWM,4,ACTUAL
2/10/2014,1248,FGWM,1,ACTUAL
2/11/2014,1248,FGWM,6,ACTUAL
2/12/2014,1248,FGWM,3,ACTUAL
2/13/2014,1248,FGWM,1,ACTUAL
2/14/2014,1248,FGWM,4,ACTUAL
2/15/2014,1248,FGWM,1,ACTUAL
2/16/2014,1248,FGWM,3,ACTUAL
2/17/2014,1248,FGWM,2,ACTUAL
2/18/2014,1248,FGWM,1,ACTUAL
2/19/2014,1248,FGWM,1,ACTUAL
2/20/2014,1248,FGWM,2,ACTUAL
2/21/2014,1248,FGWM,1,ACTUAL
2/22/2014,1248,FGWM,4,ACTUAL
2/23/2014,1248,FGWM,4,ACTUAL
2/24/2014,1248,FGWM,2,ACTUAL
2/25/2014,1248,FGWM,1,ACTUAL
2/26/2014,1248,FGWM,1,ACTUAL
2/27/2014,1248,FGWM,1,ACTUAL
2/28/2014,1248,FGWM,4,ACTUAL
3/1/2014,1248,FGWM,4,ACTUAL
3/2/2014,1248,FGWM,0,ACTUAL
3/3/2014,1248,FGWM,3,ACTUAL
3/4/2014,1248,FGWM,4,ACTUAL
3/5/2014,1248,FGWM,2,ACTUAL
3/6/2014,1248,FGWM,3,ACTUAL
3/7/2014,1248,FGWM,1,ACTUAL
3/8/2014,1248,FGWM,2,ACTUAL
3/9/2014,1248,FGWM,4,ACTUAL
3/10/2014,1248,FGWM,3,ACTUAL
3/11/2014,1248,FGWM,3,ACTUAL
3/12/2014,1248,FGWM,4,ACTUAL
3/13/2014,1248,FGWM,1,ACTUAL
3/14/2014,1248,FGWM,4,ACTUAL
3/15/2014,1248,FGWM,4,ACTUAL
3/16/2014,1248,FGWM,1,ACTUAL
3/17/2014,1248,FGWM,6,ACTUAL
3/18/2014,1248,FGWM,5,ACTUAL
3/19/2014,1248,FGWM,1,ACTUAL
3/20/2014,1248,FGWM,2,ACTUAL
3/21/2014,1248,FGWM,2,ACTUAL
3/22/2014,1248,FGWM,1,ACTUAL
3/23/2014,1248,FGWM,2,ACTUAL
3/24/2014,1248,FGWM,4,ACTUAL
3/25/2014,1248,FGWM,2,ACTUAL
3/26/2014,1248,FGWM,4,ACTUAL
3/27/2014,1248,FGWM,3,ACTUAL
3/28/2014,1248,FGWM,4,ACTUAL
3/29/2014,1248,FGWM,4,ACTUAL
3/30/2014,1248,FGWM,3,ACTUAL
3/31/2014,1248,FGWM,6,ACTUAL
4/1/2014,1248,FGWM,5,ACTUAL
4/2/2014,1248,FGWM,0,ACTUAL
4/3/2014,1248,FGWM,5,ACTUAL
4/4/2014,1248,FGWM,0,ACTUAL
4/5/2014,1248,FGWM,2,ACTUAL
4/6/2014,1248,FGWM,4,ACTUAL
4/7/2014,1248,FGWM,1,ACTUAL
4/8/2014,1248,FGWM,7,ACTUAL
4/9/2014,1248,FGWM,2,ACTUAL
4/10/2014,1248,FGWM,1,ACTUAL
4/11/2014,1248,FGWM,3,ACTUAL
4/12/2014,1248,FGWM,3,ACTUAL
4/13/2014,1248,FGWM,3,ACTUAL
4/14/2014,1248,FGWM,4,ACTUAL
4/15/2014,1248,FGWM,4,ACTUAL
4/16/2014,1248,FGWM,1,ACTUAL
4/17/2014,1248,FGWM,1,ACTUAL
4/18/2014,1248,FGWM,5,ACTUAL
4/19/2014,1248,FGWM,0,ACTUAL
4/20/2014,1248,FGWM,4,ACTUAL
4/21/2014,1248,FGWM,6,ACTUAL
4/22/2014,1248,FGWM,2,ACTUAL
4/23/2014,1248,FGWM,3,ACTUAL
4/24/2014,1248,FGWM,4,ACTUAL
4/25/2014,1248,FGWM,1,ACTUAL
4/26/2014,1248,FGWM,1,ACTUAL
4/27/2014,1248,FGWM,2,ACTUAL
4/28/2014,1248,FGWM,1,ACTUAL
4/29/2014,1248,FGWM,0,ACTUAL
4/30/2014,1248,FGWM,5,ACTUAL
5/1/2014,1248,FGWM,6,ACTUAL
5/2/2014,1248,FGWM,0,ACTUAL
5/3/2014,1248,FGWM,1,ACTUAL
5/4/2014,1248,FGWM,4,ACTUAL
5/5/2014,1248,FGWM,6,ACTUAL
5/6/2014,1248,FGWM,4,ACTUAL
5/7/2014,1248,FGWM,2,ACTUAL
5/8/2014,1248,FGWM,4,ACTUAL
5/9/2014,1248,FGWM,5,ACTUAL
5/10/2014,1248,FGWM,3,ACTUAL
5/11/2014,1248,FGWM,2,ACTUAL
5/12/2014,1248,FGWM,1,ACTUAL
5/13/2014,1248,FGWM,0,ACTUAL
5/14/2014,1248,FGWM,4,ACTUAL
5/15/2014,1248,FGWM,4,ACTUAL
5/16/2014,1248,FGWM,4,ACTUAL
5/17/2014,1248,FGWM,1,ACTUAL
5/18/2014,1248,FGWM,6,ACTUAL
5/19/2014,1248,FGWM,6,ACTUAL
5/20/2014,1248,FGWM,5,ACTUAL
5/21/2014,1248,FGWM,2,ACTUAL
5/22/2014,1248,FGWM,4,ACTUAL
5/23/2014,1248,FGWM,4,ACTUAL
5/24/2014,1248,FGWM,1,ACTUAL
5/25/2014,1248,FGWM,5,ACTUAL
5/26/2014,1248,FGWM,3,ACTUAL
5/27/2014,1248,FGWM,5,ACTUAL
5/28/2014,1248,FGWM,3,ACTUAL
5/29/2014,1248,FGWM,4,ACTUAL
5/30/2014,1248,FGWM,2,ACTUAL
5/31/2014,1248,FGWM,1,ACTUAL
6/1/2014,1248,FGWM,3,ACTUAL
6/2/2014,1248,FGWM,0,ACTUAL
6/3/2014,1248,FGWM,5,ACTUAL
6/4/2014,1248,FGWM,5,ACTUAL
6/5/2014,1248,FGWM,1,ACTUAL
6/6/2014,1248,FGWM,0,ACTUAL
6/7/2014,1248,FGWM,6,ACTUAL
6/8/2014,1248,FGWM,4,ACTUAL
6/9/2014,1248,FGWM,1,ACTUAL
6/10/2014,1248,FGWM,2,ACTUAL
6/11/2014,1248,FGWM,3,ACTUAL
6/12/2014,1248,FGWM,4,ACTUAL
6/13/2014,1248,FGWM,2,ACTUAL
6/14/2014,1248,FGWM,4,ACTUAL
6/15/2014,1248,FGWM,3,ACTUAL
6/16/2014,1248,FGWM,3,ACTUAL
6/17/2014,1248,FGWM,3,ACTUAL
6/18/2014,1248,FGWM,0,ACTUAL
6/19/2014,1248,FGWM,1,ACTUAL
6/20/2014,1248,FGWM,0,ACTUAL
6/21/2014,1248,FGWM,1,ACTUAL
6/22/2014,1248,FGWM,6,ACTUAL
6/23/2014,1248,FGWM,4,ACTUAL
6/24/2014,1248,FGWM,0,ACTUAL
6/25/2014,1248,FGWM,2,ACTUAL
6/26/2014,1248,FGWM,3,ACTUAL
6/27/2014,1248,FGWM,4,ACTUAL
6/28/2014,1248,FGWM,1,ACTUAL
6/29/2014,1248,FGWM,6,ACTUAL
6/30/2014,1248,FGWM,2,ACTUAL
7/1/2014,1248,FGWM,5,ACTUAL
7/2/2014,1248,FGWM,4,ACTUAL
7/3/2014,1248,FGWM,1,ACTUAL
7/4/2014,1248,FGWM,2,ACTUAL
7/5/2014,1248,FGWM,0,ACTUAL
7/6/2014,1248,FGWM,3,ACTUAL
7/7/2014,1248,FGWM,2,ACTUAL
7/8/2014,1248,FGWM,0,ACTUAL
7/9/2014,1248,FGWM,1,ACTUAL
7/10/2014,1248,FGWM,1,ACTUAL
7/11/2014,1248,FGWM,4,ACTUAL
7/12/2014,1248,FGWM,5,ACTUAL
7/13/2014,1248,FGWM,1,ACTUAL
7/14/2014,1248,FGWM,2,ACTUAL
7/15/2014,1248,FGWM,1,ACTUAL
7/16/2014,1248,FGWM,3,ACTUAL
7/17/2014,1248,FGWM,1,ACTUAL
7/18/2014,1248,FGWM,1,ACTUAL
7/19/2014,1248,FGWM,1,ACTUAL
7/20/2014,1248,FGWM,3,ACTUAL
7/21/2014,1248,FGWM,0,ACTUAL
7/22/2014,1248,FGWM,3,ACTUAL
7/23/2014,1248,FGWM,1,ACTUAL
7/24/2014,1248,FGWM,4,ACTUAL
7/25/2014,1248,FGWM,2,ACTUAL
7/26/2014,1248,FGWM,1,ACTUAL
7/27/2014,1248,FGWM,1,ACTUAL
7/28/2014,1248,FGWM,2,ACTUAL
7/29/2014,1248,FGWM,4,ACTUAL
7/30/2014,1248,FGWM,2,ACTUAL
7/31/2014,1248,FGWM,3,ACTUAL
8/1/2014,1248,FGWM,4,ACTUAL
8/2/2014,1248,FGWM,1,ACTUAL
8/3/2014,1248,FGWM,4,ACTUAL
8/4/2014,1248,FGWM,3,ACTUAL
8/5/2014,1248,FGWM,1,ACTUAL
8/6/2014,1248,FGWM,6,ACTUAL
8/7/2014,1248,FGWM,4,ACTUAL
8/8/2014,1248,FGWM,4,ACTUAL
8/9/2014,1248,FGWM,3,ACTUAL
8/10/2014,1248,FGWM,2,ACTUAL
8/11/2014,1248,FGWM,3,ACTUAL
8/12/2014,1248,FGWM,7,ACTUAL
8/13/2014,1248,FGWM,1,ACTUAL
8/14/2014,1248,FGWM,1,ACTUAL
8/15/2014,1248,FGWM,4,ACTUAL
8/16/2014,1248,FGWM,5,ACTUAL
8/17/2014,1248,FGWM,3,ACTUAL
8/18/2014,1248,FGWM,3,ACTUAL
8/19/2014,1248,FGWM,4,ACTUAL
8/20/2014,1248,FGWM,3,ACTUAL
8/21/2014,1248,FGWM,6,ACTUAL
8/22/2014,1248,FGWM,0,ACTUAL
8/23/2014,1248,FGWM,1,ACTUAL
8/24/2014,1248,FGWM,10,ACTUAL
8/25/2014,1248,FGWM,0,ACTUAL
8/26/2014,1248,FGWM,0,ACTUAL
8/27/2014,1248,FGWM,2,ACTUAL
8/28/2014,1248,FGWM,6,ACTUAL
8/29/2014,1248,FGWM,0,ACTUAL
8/30/2014,1248,FGWM,1,ACTUAL
8/31/2014,1248,FGWM,5,ACTUAL
9/1/2014,1248,FGWM,1,ACTUAL
9/2/2014,1248,FGWM,6,ACTUAL
9/3/2014,1248,FGWM,4,ACTUAL
9/4/2014,1248,FGWM,3,ACTUAL
9/5/2014,1248,FGWM,3,ACTUAL
9/6/2014,1248,FGWM,7,ACTUAL
9/7/2014,1248,FGWM,2,ACTUAL
9/8/2014,1248,FGWM,4,ACTUAL
9/9/2014,1248,FGWM,2,ACTUAL
9/10/2014,1248,FGWM,3,ACTUAL
9/11/2014,1248,FGWM,4,ACTUAL
9/12/2014,1248,FGWM,2,ACTUAL
9/13/2014,1248,FGWM,3,ACTUAL
9/14/2014,1248,FGWM,5,ACTUAL
9/15/2014,1248,FGWM,3,ACTUAL
9/16/2014,1248,FGWM,3,ACTUAL
9/17/2014,1248,FGWM,2,ACTUAL
9/18/2014,1248,FGWM,2,ACTUAL
9/19/2014,1248,FGWM,3,ACTUAL
9/20/2014,1248,FGWM,0,ACTUAL
9/21/2014,1248,FGWM,5,ACTUAL
9/22/2014,1248,FGWM,1,ACTUAL
9/23/2014,1248,FGWM,4,ACTUAL
9/24/2014,1248,FGWM,3,ACTUAL
9/25/2014,1248,FGWM,1,ACTUAL
9/26/2014,1248,FGWM,4,ACTUAL
9/27/2014,1248,FGWM,4,ACTUAL
9/28/2014,1248,FGWM,4,ACTUAL
9/29/2014,1248,FGWM,2,ACTUAL
9/30/2014,1248,FGWM,1,ACTUAL
10/1/2014,1248,FGWM,1,ACTUAL
10/2/2014,1248,FGWM,1,ACTUAL
10/3/2014,1248,FGWM,4,ACTUAL
10/4/2014,1248,FGWM,5,ACTUAL
10/5/2014,1248,FGWM,2,ACTUAL
10/6/2014,1248,FGWM,4,ACTUAL
10/7/2014,1248,FGWM,0,ACTUAL
10/8/2014,1248,FGWM,3,ACTUAL
10/9/2014,1248,FGWM,4,ACTUAL
10/10/2014,1248,FGWM,2,ACTUAL
10/11/2014,1248,FGWM,3,ACTUAL
10/12/2014,1248,FGWM,4,ACTUAL
10/13/2014,1248,FGWM,6,ACTUAL
10/14/2014,1248,FGWM,5,ACTUAL
10/15/2014,1248,FGWM,5,ACTUAL
10/16/2014,1248,FGWM,5,ACTUAL
10/17/2014,1248,FGWM,4,ACTUAL
10/18/2014,1248,FGWM,2,ACTUAL
10/19/2014,1248,FGWM,6,ACTUAL
10/20/2014,1248,FGWM,2,ACTUAL
10/21/2014,1248,FGWM,4,ACTUAL
10/22/2014,1248,FGWM,2,ACTUAL
10/23/2014,1248,FGWM,4,ACTUAL
10/24/2014,1248,FGWM,1,ACTUAL
10/25/2014,1248,FGWM,4,ACTUAL
10/26/2014,1248,FGWM,5,ACTUAL
10/27/2014,1248,FGWM,6,ACTUAL
10/28/2014,1248,FGWM,1,ACTUAL
10/29/2014,1248,FGWM,3,ACTUAL
10/30/2014,1248,FGWM,5,ACTUAL
10/31/2014,1248,FGWM,2,ACTUAL
11/1/2014,1248,FGWM,1,ACTUAL
11/2/2014,1248,FGWM,1,ACTUAL
11/3/2014,1248,FGWM,1,ACTUAL
11/4/2014,1248,FGWM,2,ACTUAL
11/5/2014,1248,FGWM,5,ACTUAL
11/6/2014,1248,FGWM,3,ACTUAL
11/7/2014,1248,FGWM,4,ACTUAL
11/8/2014,1248,FGWM,2,ACTUAL
11/9/2014,1248,FGWM,5,ACTUAL
11/10/2014,1248,FGWM,1,ACTUAL
11/11/2014,1248,FGWM,1,ACTUAL
11/12/2014,1248,FGWM,1,ACTUAL
11/13/2014,1248,FGWM,3,ACTUAL
11/14/2014,1248,FGWM,2,ACTUAL
11/15/2014,1248,FGWM,3,ACTUAL
11/16/2014,1248,FGWM,3,ACTUAL
11/17/2014,1248,FGWM,4,ACTUAL
11/18/2014,1248,FGWM,4,ACTUAL
11/19/2014,1248,FGWM,1,ACTUAL
11/20/2014,1248,FGWM,0,ACTUAL
11/21/2014,1248,FGWM,2,ACTUAL
11/22/2014,1248,FGWM,1,ACTUAL
11/23/2014,1248,FGWM,5,ACTUAL
11/24/2014,1248,FGWM,3,ACTUAL
11/25/2014,1248,FGWM,3,ACTUAL
11/26/2014,1248,FGWM,4,ACTUAL
11/27/2014,1248,FGWM,5,ACTUAL
11/28/2014,1248,FGWM,1,ACTUAL
11/29/2014,1248,FGWM,2,ACTUAL
11/30/2014,1248,FGWM,7,ACTUAL
12/1/2014,1248,FGWM,6,ACTUAL
12/2/2014,1248,FGWM,2,ACTUAL
12/3/2014,1248,FGWM,5,ACTUAL
12/4/2014,1248,FGWM,3,ACTUAL
12/5/2014,1248,FGWM,6,ACTUAL
12/6/2014,1248,FGWM,4,ACTUAL
12/7/2014,1248,FGWM,1,ACTUAL
12/8/2014,1248,FGWM,5,ACTUAL
12/9/2014,1248,FGWM,1,ACTUAL
12/10/2014,1248,FGWM,0,ACTUAL
12/11/2014,1248,FGWM,1,ACTUAL
12/12/2014,1248,FGWM,5,ACTUAL
12/13/2014,1248,FGWM,1,ACTUAL
12/14/2014,1248,FGWM,0,ACTUAL
12/15/2014,1248,FGWM,4,ACTUAL
12/16/2014,1248,FGWM,1,ACTUAL
12/17/2014,1248,FGWM,3,ACTUAL
12/18/2014,1248,FGWM,1,ACTUAL
12/19/2014,1248,FGWM,1,ACTUAL
12/20/2014,1248,FGWM,4,ACTUAL
12/21/2014,1248,FGWM,4,ACTUAL
12/22/2014,1248,FGWM,4,ACTUAL
12/23/2014,1248,FGWM,2,ACTUAL
12/24/2014,1248,FGWM,4,ACTUAL
12/25/2014,1248,FGWM,2,ACTUAL
12/26/2014,1248,FGWM,4,ACTUAL
12/27/2014,1248,FGWM,4,ACTUAL
12/28/2014,1248,FGWM,1,ACTUAL
12/29/2014,1248,FGWM,3,ACTUAL
12/30/2014,1248,FGWM,5,ACTUAL
12/31/2014,1248,FGWM,5,ACTUAL
1/1/2015,1248,FGWM,5,ACTUAL
1/2/2015,1248,FGWM,6,ACTUAL
1/3/2015,1248,FGWM,3,ACTUAL
1/4/2015,1248,FGWM,1,ACTUAL
1/5/2015,1248,FGWM,2,ACTUAL
1/6/2015,1248,FGWM,4,ACTUAL
1/7/2015,1248,FGWM,4,ACTUAL
1/8/2015,1248,FGWM,4,ACTUAL
1/9/2015,1248,FGWM,2,ACTUAL
1/10/2015,1248,FGWM,3,ACTUAL
1/11/2015,1248,FGWM,6,ACTUAL
1/12/2015,1248,FGWM,3,ACTUAL
1/13/2015,1248,FGWM,3,ACTUAL
1/14/2015,1248,FGWM,4,ACTUAL
1/15/2015,1248,FGWM,5,ACTUAL
1/16/2015,1248,FGWM,3,ACTUAL
1/17/2015,1248,FGWM,3,ACTUAL
1/18/2015,1248,FGWM,2,ACTUAL
1/19/2015,1248,FGWM,6,ACTUAL
1/20/2015,1248,FGWM,3,ACTUAL
1/21/2015,1248,FGWM,4,ACTUAL
1/22/2015,1248,FGWM,4,ACTUAL
1/23/2015,1248,FGWM,6,ACTUAL
1/24/2015,1248,FGWM,0,ACTUAL
1/25/2015,1248,FGWM,1,ACTUAL
1/26/2015,1248,FGWM,6,ACTUAL
1/27/2015,1248,FGWM,4,ACTUAL
1/28/2015,1248,FGWM,4,ACTUAL
1/29/2015,1248,FGWM,3,ACTUAL
1/30/2015,1248,FGWM,4,ACTUAL
1/31/2015,1248,FGWM,4,ACTUAL
2/1/2015,1248,FGWM,4,ACTUAL
2/2/2015,1248,FGWM,3,ACTUAL
2/3/2015,1248,FGWM,6,ACTUAL
2/4/2015,1248,FGWM,4,ACTUAL
2/5/2015,1248,FGWM,2,ACTUAL
2/6/2015,1248,FGWM,3,ACTUAL
2/7/2015,1248,FGWM,2,ACTUAL
2/8/2015,1248,FGWM,2,ACTUAL
2/9/2015,1248,FGWM,2,ACTUAL
2/10/2015,1248,FGWM,1,ACTUAL
2/11/2015,1248,FGWM,1,ACTUAL
2/12/2015,1248,FGWM,1,ACTUAL
2/13/2015,1248,FGWM,1,ACTUAL
2/14/2015,1248,FGWM,0,ACTUAL
2/15/2015,1248,FGWM,2,ACTUAL
2/16/2015,1248,FGWM,7,ACTUAL
2/17/2015,1248,FGWM,6,ACTUAL
2/18/2015,1248,FGWM,0,ACTUAL
2/19/2015,1248,FGWM,0,ACTUAL
2/20/2015,1248,FGWM,0,ACTUAL
2/21/2015,1248,FGWM,0,ACTUAL
2/22/2015,1248,FGWM,0,ACTUAL
2/23/2015,1248,FGWM,0,ACTUAL
2/24/2015,1248,FGWM,0,ACTUAL
2/25/2015,1248,FGWM,0,ACTUAL
2/26/2015,1248,FGWM,3,ACTUAL
2/27/2015,1248,FGWM,6,ACTUAL
2/28/2015,1248,FGWM,0,ACTUAL
3/1/2015,1248,FGWM,4,ACTUAL
3/2/2015,1248,FGWM,3,ACTUAL
3/3/2015,1248,FGWM,4,ACTUAL
3/4/2015,1248,FGWM,1,ACTUAL
3/5/2015,1248,FGWM,6,ACTUAL
3/6/2015,1248,FGWM,3,ACTUAL
3/7/2015,1248,FGWM,4,ACTUAL
3/8/2015,1248,FGWM,4,ACTUAL
3/9/2015,1248,FGWM,3,ACTUAL
3/10/2015,1248,FGWM,0,ACTUAL
3/11/2015,1248,FGWM,3,ACTUAL
3/12/2015,1248,FGWM,2,ACTUAL
3/13/2015,1248,FGWM,3,ACTUAL
3/14/2015,1248,FGWM,1,ACTUAL
3/15/2015,1248,FGWM,2,ACTUAL
3/16/2015,1248,FGWM,2,ACTUAL
3/17/2015,1248,FGWM,3,ACTUAL
3/18/2015,1248,FGWM,1,ACTUAL
3/19/2015,1248,FGWM,2,ACTUAL
3/20/2015,1248,FGWM,2,ACTUAL
3/21/2015,1248,FGWM,0,ACTUAL
3/22/2015,1248,FGWM,4,ACTUAL
3/23/2015,1248,FGWM,2,ACTUAL
3/24/2015,1248,FGWM,5,ACTUAL
3/25/2015,1248,FGWM,3,ACTUAL
3/26/2015,1248,FGWM,4,ACTUAL
3/27/2015,1248,FGWM,1,ACTUAL
3/28/2015,1248,FGWM,4,ACTUAL
3/29/2015,1248,FGWM,4,ACTUAL
3/30/2015,1248,FGWM,2,ACTUAL
3/31/2015,1248,FGWM,7,ACTUAL
4/1/2015,1248,FGWM,6,ACTUAL
4/2/2015,1248,FGWM,5,ACTUAL
4/3/2015,1248,FGWM,1,ACTUAL
4/4/2015,1248,FGWM,5,ACTUAL
4/5/2015,1248,FGWM,6,ACTUAL
4/6/2015,1248,FGWM,5,ACTUAL
4/7/2015,1248,FGWM,2,ACTUAL
4/8/2015,1248,FGWM,4,ACTUAL
4/9/2015,1248,FGWM,4,ACTUAL
4/10/2015,1248,FGWM,6,ACTUAL
4/11/2015,1248,FGWM,1,ACTUAL
4/12/2015,1248,FGWM,2,ACTUAL
4/13/2015,1248,FGWM,6,ACTUAL
4/14/2015,1248,FGWM,3,ACTUAL
4/15/2015,1248,FGWM,0,ACTUAL
4/16/2015,1248,FGWM,4,ACTUAL
4/17/2015,1248,FGWM,1,ACTUAL
4/18/2015,1248,FGWM,2,ACTUAL
4/19/2015,1248,FGWM,5,ACTUAL
4/20/2015,1248,FGWM,1,ACTUAL
4/21/2015,1248,FGWM,4,ACTUAL
4/22/2015,1248,FGWM,3,ACTUAL
4/23/2015,1248,FGWM,2,ACTUAL
4/24/2015,1248,FGWM,4,ACTUAL
4/25/2015,1248,FGWM,0,ACTUAL
4/26/2015,1248,FGWM,6,ACTUAL
4/27/2015,1248,FGWM,5,ACTUAL
4/28/2015,1248,FGWM,3,ACTUAL
4/29/2015,1248,FGWM,5,ACTUAL
4/30/2015,1248,FGWM,2,ACTUAL
5/1/2015,1248,FGWM,5,ACTUAL
5/2/2015,1248,FGWM,2,ACTUAL
5/3/2015,1248,FGWM,0,ACTUAL
5/4/2015,1248,FGWM,1,ACTUAL
5/5/2015,1248,FGWM,3,ACTUAL
5/6/2015,1248,FGWM,0,ACTUAL
5/7/2015,1248,FGWM,3,ACTUAL
5/8/2015,1248,FGWM,4,ACTUAL
5/9/2015,1248,FGWM,1,ACTUAL
5/10/2015,1248,FGWM,3,ACTUAL
5/11/2015,1248,FGWM,3,ACTUAL
5/12/2015,1248,FGWM,4,ACTUAL
5/13/2015,1248,FGWM,2,ACTUAL
5/14/2015,1248,FGWM,4,ACTUAL
5/15/2015,1248,FGWM,4,ACTUAL
5/16/2015,1248,FGWM,1,ACTUAL
5/17/2015,1248,FGWM,3,ACTUAL
5/18/2015,1248,FGWM,3,ACTUAL
5/19/2015,1248,FGWM,2,ACTUAL
5/20/2015,1248,FGWM,2,ACTUAL
5/21/2015,1248,FGWM,4,ACTUAL
5/22/2015,1248,FGWM,6,ACTUAL
5/23/2015,1248,FGWM,0,ACTUAL
5/24/2015,1248,FGWM,7,ACTUAL
5/25/2015,1248,FGWM,6,ACTUAL
5/26/2015,1248,FGWM,2,ACTUAL
5/27/2015,1248,FGWM,3,ACTUAL
5/28/2015,1248,FGWM,2,ACTUAL
5/29/2015,1248,FGWM,3,ACTUAL
5/30/2015,1248,FGWM,4,ACTUAL
5/31/2015,1248,FGWM,1,ACTUAL
6/1/2015,1248,FGWM,0,ACTUAL
6/2/2015,1248,FGWM,7,ACTUAL
6/3/2015,1248,FGWM,3,ACTUAL
6/4/2015,1248,FGWM,4,ACTUAL
6/5/2015,1248,FGWM,4,ACTUAL
6/6/2015,1248,FGWM,4,ACTUAL
6/7/2015,1248,FGWM,4,ACTUAL
6/8/2015,1248,FGWM,2,ACTUAL
6/9/2015,1248,FGWM,3,ACTUAL
6/10/2015,1248,FGWM,2,ACTUAL
6/11/2015,1248,FGWM,1,ACTUAL
6/12/2015,1248,FGWM,2,ACTUAL
6/13/2015,1248,FGWM,2,ACTUAL
6/14/2015,1248,FGWM,1,ACTUAL
6/15/2015,1248,FGWM,1,ACTUAL
6/16/2015,1248,FGWM,1,ACTUAL
6/17/2015,1248,FGWM,3,ACTUAL
6/18/2015,1248,FGWM,4,ACTUAL
6/19/2015,1248,FGWM,4,ACTUAL
6/20/2015,1248,FGWM,4,ACTUAL
6/21/2015,1248,FGWM,0,ACTUAL
6/22/2015,1248,FGWM,1,ACTUAL
6/23/2015,1248,FGWM,1,ACTUAL
6/24/2015,1248,FGWM,1,ACTUAL
6/25/2015,1248,FGWM,1,ACTUAL
6/26/2015,1248,FGWM,4,ACTUAL
6/27/2015,1248,FGWM,3,ACTUAL
6/28/2015,1248,FGWM,6,ACTUAL
6/29/2015,1248,FGWM,2,ACTUAL
6/30/2015,1248,FGWM,2,ACTUAL
7/1/2015,1248,FGWM,3,ACTUAL
7/2/2015,1248,FGWM,0,ACTUAL
7/3/2015,1248,FGWM,3,ACTUAL
7/4/2015,1248,FGWM,3,ACTUAL
7/5/2015,1248,FGWM,1,ACTUAL
7/6/2015,1248,FGWM,3,ACTUAL
7/7/2015,1248,FGWM,4,ACTUAL
7/8/2015,1248,FGWM,3,ACTUAL
7/9/2015,1248,FGWM,2,ACTUAL
7/10/2015,1248,FGWM,3,ACTUAL
7/11/2015,1248,FGWM,0,ACTUAL
7/12/2015,1248,FGWM,4,ACTUAL
7/13/2015,1248,FGWM,6,ACTUAL
7/14/2015,1248,FGWM,2,ACTUAL
7/15/2015,1248,FGWM,3,ACTUAL
7/16/2015,1248,FGWM,1,ACTUAL
7/17/2015,1248,FGWM,3,ACTUAL
7/18/2015,1248,FGWM,6,ACTUAL
7/19/2015,1248,FGWM,3,ACTUAL
7/20/2015,1248,FGWM,3,ACTUAL
7/21/2015,1248,FGWM,4,ACTUAL
7/22/2015,1248,FGWM,1,ACTUAL
7/23/2015,1248,FGWM,4,ACTUAL
7/24/2015,1248,FGWM,1,ACTUAL
7/25/2015,1248,FGWM,0,ACTUAL
7/26/2015,1248,FGWM,6,ACTUAL
7/27/2015,1248,FGWM,7,ACTUAL
7/28/2015,1248,FGWM,4,ACTUAL
7/29/2015,1248,FGWM,2,ACTUAL
7/30/2015,1248,FGWM,1,ACTUAL
7/31/2015,1248,FGWM,5,ACTUAL
8/1/2015,1248,FGWM,5,ACTUAL
8/2/2015,1248,FGWM,0,ACTUAL
8/3/2015,1248,FGWM,4,ACTUAL
8/4/2015,1248,FGWM,2,ACTUAL
8/5/2015,1248,FGWM,4,ACTUAL
8/6/2015,1248,FGWM,6,ACTUAL
8/7/2015,1248,FGWM,1,ACTUAL
8/8/2015,1248,FGWM,3,ACTUAL
8/9/2015,1248,FGWM,4,ACTUAL
8/10/2015,1248,FGWM,2,ACTUAL
8/11/2015,1248,FGWM,6,ACTUAL
8/12/2015,1248,FGWM,1,ACTUAL
8/13/2015,1248,FGWM,0,ACTUAL
8/14/2015,1248,FGWM,3,ACTUAL
8/15/2015,1248,FGWM,2,ACTUAL
8/16/2015,1248,FGWM,4,ACTUAL
8/17/2015,1248,FGWM,2,ACTUAL
8/18/2015,1248,FGWM,2,ACTUAL
8/19/2015,1248,FGWM,3,ACTUAL
8/20/2015,1248,FGWM,2,ACTUAL
8/21/2015,1248,FGWM,2,ACTUAL
8/22/2015,1248,FGWM,3,ACTUAL
8/23/2015,1248,FGWM,3,ACTUAL
8/24/2015,1248,FGWM,2,ACTUAL
8/25/2015,1248,FGWM,5,ACTUAL
8/26/2015,1248,FGWM,0,ACTUAL
8/27/2015,1248,FGWM,1,ACTUAL
8/28/2015,1248,FGWM,3,ACTUAL
8/29/2015,1248,FGWM,1,ACTUAL
8/30/2015,1248,FGWM,2,ACTUAL
8/31/2015,1248,FGWM,3,ACTUAL
9/1/2015,1248,FGWM,5,ACTUAL
9/2/2015,1248,FGWM,2,ACTUAL
9/3/2015,1248,FGWM,3,ACTUAL
9/4/2015,1248,FGWM,4,ACTUAL
9/5/2015,1248,FGWM,2,ACTUAL
9/6/2015,1248,FGWM,2,ACTUAL
9/7/2015,1248,FGWM,4,ACTUAL
9/8/2015,1248,FGWM,2,ACTUAL
9/9/2015,1248,FGWM,2,ACTUAL
9/10/2015,1248,FGWM,3,ACTUAL
9/11/2015,1248,FGWM,4,ACTUAL
9/12/2015,1248,FGWM,4,ACTUAL
9/13/2015,1248,FGWM,1,ACTUAL
9/14/2015,1248,FGWM,3,ACTUAL
9/15/2015,1248,FGWM,3,ACTUAL
9/16/2015,1248,FGWM,2,ACTUAL
9/17/2015,1248,FGWM,5,ACTUAL
9/18/2015,1248,FGWM,6,ACTUAL
9/19/2015,1248,FGWM,0,ACTUAL
9/20/2015,1248,FGWM,6,ACTUAL
9/21/2015,1248,FGWM,2,ACTUAL
9/22/2015,1248,FGWM,3,ACTUAL
9/23/2015,1248,FGWM,2,ACTUAL
9/24/2015,1248,FGWM,0,ACTUAL
9/25/2015,1248,FGWM,4,ACTUAL
9/26/2015,1248,FGWM,4,ACTUAL
9/27/2015,1248,FGWM,2,ACTUAL
9/28/2015,1248,FGWM,1,ACTUAL
9/29/2015,1248,FGWM,5,ACTUAL
9/30/2015,1248,FGWM,0,ACTUAL
10/1/2015,1248,FGWM,1,ACTUAL
10/2/2015,1248,FGWM,3,ACTUAL
10/3/2015,1248,FGWM,3,ACTUAL
10/4/2015,1248,FGWM,4,ACTUAL
10/5/2015,1248,FGWM,2,ACTUAL
10/6/2015,1248,FGWM,3,ACTUAL
10/7/2015,1248,FGWM,4,ACTUAL
10/8/2015,1248,FGWM,6,ACTUAL
10/9/2015,1248,FGWM,4,ACTUAL
10/10/2015,1248,FGWM,4,ACTUAL
10/11/2015,1248,FGWM,1,ACTUAL
10/12/2015,1248,FGWM,2,ACTUAL
10/13/2015,1248,FGWM,3,ACTUAL
10/14/2015,1248,FGWM,5,ACTUAL
10/15/2015,1248,FGWM,1,ACTUAL
10/16/2015,1248,FGWM,1,ACTUAL
10/17/2015,1248,FGWM,1,ACTUAL
10/18/2015,1248,FGWM,1,ACTUAL
10/19/2015,1248,FGWM,2,ACTUAL
10/20/2015,1248,FGWM,3,ACTUAL
10/21/2015,1248,FGWM,2,ACTUAL
10/22/2015,1248,FGWM,1,ACTUAL
10/23/2015,1248,FGWM,4,ACTUAL
10/24/2015,1248,FGWM,5,ACTUAL
10/25/2015,1248,FGWM,3,ACTUAL
10/26/2015,1248,FGWM,2,ACTUAL
10/27/2015,1248,FGWM,2,ACTUAL
10/28/2015,1248,FGWM,3,ACTUAL
10/29/2015,1248,FGWM,4,ACTUAL
10/30/2015,1248,FGWM,1,ACTUAL
10/31/2015,1248,FGWM,2,ACTUAL
11/1/2015,1248,FGWM,3,ACTUAL
11/2/2015,1248,FGWM,2,ACTUAL
11/3/2015,1248,FGWM,2,ACTUAL
11/4/2015,1248,FGWM,4,ACTUAL
11/5/2015,1248,FGWM,3,ACTUAL
11/6/2015,1248,FGWM,3,ACTUAL
11/7/2015,1248,FGWM,4,ACTUAL
11/8/2015,1248,FGWM,4,ACTUAL
11/9/2015,1248,FGWM,2,ACTUAL
11/10/2015,1248,FGWM,1,ACTUAL
11/11/2015,1248,FGWM,4,ACTUAL
11/12/2015,1248,FGWM,4,ACTUAL
11/13/2015,1248,FGWM,4,ACTUAL
11/14/2015,1248,FGWM,4,ACTUAL
11/15/2015,1248,FGWM,4,ACTUAL
11/16/2015,1248,FGWM,3,ACTUAL
11/17/2015,1248,FGWM,5,ACTUAL
11/18/2015,1248,FGWM,4,ACTUAL
11/19/2015,1248,FGWM,3,ACTUAL
11/20/2015,1248,FGWM,4,ACTUAL
11/21/2015,1248,FGWM,0,ACTUAL
11/22/2015,1248,FGWM,2,ACTUAL
11/23/2015,1248,FGWM,5,ACTUAL
11/24/2015,1248,FGWM,2,ACTUAL
11/25/2015,1248,FGWM,5,ACTUAL
11/26/2015,1248,FGWM,5,ACTUAL
11/27/2015,1248,FGWM,4,ACTUAL
11/28/2015,1248,FGWM,0,ACTUAL
11/29/2015,1248,FGWM,6,ACTUAL
11/30/2015,1248,FGWM,3,ACTUAL
12/1/2015,1248,FGWM,3,ACTUAL
12/2/2015,1248,FGWM,4,ACTUAL
12/3/2015,1248,FGWM,1,ACTUAL
12/4/2015,1248,FGWM,2,ACTUAL
12/5/2015,1248,FGWM,4,ACTUAL
12/6/2015,1248,FGWM,4,ACTUAL
12/7/2015,1248,FGWM,6,ACTUAL
12/8/2015,1248,FGWM,3,ACTUAL
12/9/2015,1248,FGWM,4,ACTUAL
12/10/2015,1248,FGWM,7,ACTUAL
12/11/2015,1248,FGWM,2,ACTUAL
12/12/2015,1248,FGWM,2,ACTUAL
12/13/2015,1248,FGWM,2,ACTUAL
12/14/2015,1248,FGWM,3,ACTUAL
12/15/2015,1248,FGWM,2,ACTUAL
12/16/2015,1248,FGWM,5,ACTUAL
12/17/2015,1248,FGWM,3,ACTUAL
12/18/2015,1248,FGWM,3,ACTUAL
12/19/2015,1248,FGWM,2,ACTUAL
12/20/2015,1248,FGWM,2,ACTUAL
12/21/2015,1248,FGWM,3,ACTUAL
12/22/2015,1248,FGWM,2,ACTUAL
12/23/2015,1248,FGWM,2,ACTUAL
12/24/2015,1248,FGWM,3,ACTUAL
12/25/2015,1248,FGWM,4,ACTUAL
12/26/2015,1248,FGWM,2,ACTUAL
12/27/2015,1248,FGWM,6,ACTUAL
12/28/2015,1248,FGWM,2,ACTUAL
12/29/2015,1248,FGWM,5,ACTUAL
12/30/2015,1248,FGWM,4,ACTUAL
12/31/2015,1248,FGWM,0,ACTUAL
1/1/2016,1248,FGWM,0,ACTUAL
1/2/2016,1248,FGWM,0,ACTUAL
1/3/2016,1248,FGWM,0,ACTUAL
1/4/2016,1248,FGWM,0,ACTUAL
1/5/2016,1248,FGWM,0,ACTUAL
1/6/2016,1248,FGWM,0,ACTUAL
1/7/2016,1248,FGWM,0,ACTUAL
1/8/2016,1248,FGWM,0,ACTUAL
1/9/2016,1248,FGWM,0,ACTUAL
1/10/2016,1248,FGWM,1,ACTUAL
1/11/2016,1248,FGWM,0,ACTUAL
1/12/2016,1248,FGWM,0,ACTUAL
1/13/2016,1248,FGWM,0,ACTUAL
1/14/2016,1248,FGWM,0,ACTUAL
1/2/2014,3142,FGWM,0,ACTUAL
1/3/2014,3142,FGWM,3,ACTUAL
1/4/2014,3142,FGWM,4,ACTUAL
1/5/2014,3142,FGWM,3,ACTUAL
1/6/2014,3142,FGWM,6,ACTUAL
1/7/2014,3142,FGWM,1,ACTUAL
1/8/2014,3142,FGWM,1,ACTUAL
1/9/2014,3142,FGWM,3,ACTUAL
1/10/2014,3142,FGWM,4,ACTUAL
1/11/2014,3142,FGWM,3,ACTUAL
1/12/2014,3142,FGWM,0,ACTUAL
1/13/2014,3142,FGWM,1,ACTUAL
1/14/2014,3142,FGWM,1,ACTUAL
1/15/2014,3142,FGWM,4,ACTUAL
1/16/2014,3142,FGWM,5,ACTUAL
1/17/2014,3142,FGWM,0,ACTUAL
1/18/2014,3142,FGWM,2,ACTUAL
1/19/2014,3142,FGWM,6,ACTUAL
1/20/2014,3142,FGWM,4,ACTUAL
1/21/2014,3142,FGWM,1,ACTUAL
1/22/2014,3142,FGWM,4,ACTUAL
1/23/2014,3142,FGWM,4,ACTUAL
1/24/2014,3142,FGWM,4,ACTUAL
1/25/2014,3142,FGWM,2,ACTUAL
1/26/2014,3142,FGWM,6,ACTUAL
1/27/2014,3142,FGWM,4,ACTUAL
1/28/2014,3142,FGWM,2,ACTUAL
1/29/2014,3142,FGWM,20,ACTUAL
1/30/2014,3142,FGWM,0,ACTUAL
1/31/2014,3142,FGWM,0,ACTUAL
2/1/2014,3142,FGWM,3,ACTUAL
2/2/2014,3142,FGWM,6,ACTUAL
2/3/2014,3142,FGWM,6,ACTUAL
2/4/2014,3142,FGWM,3,ACTUAL
2/5/2014,3142,FGWM,1,ACTUAL
2/6/2014,3142,FGWM,3,ACTUAL
2/7/2014,3142,FGWM,3,ACTUAL
2/8/2014,3142,FGWM,2,ACTUAL
2/9/2014,3142,FGWM,2,ACTUAL
2/10/2014,3142,FGWM,1,ACTUAL
2/11/2014,3142,FGWM,6,ACTUAL
2/12/2014,3142,FGWM,1,ACTUAL
2/13/2014,3142,FGWM,3,ACTUAL
2/14/2014,3142,FGWM,5,ACTUAL
2/15/2014,3142,FGWM,2,ACTUAL
2/16/2014,3142,FGWM,6,ACTUAL
2/17/2014,3142,FGWM,3,ACTUAL
2/18/2014,3142,FGWM,2,ACTUAL
2/19/2014,3142,FGWM,2,ACTUAL
2/20/2014,3142,FGWM,4,ACTUAL
2/21/2014,3142,FGWM,5,ACTUAL
2/22/2014,3142,FGWM,3,ACTUAL
2/23/2014,3142,FGWM,6,ACTUAL
2/24/2014,3142,FGWM,2,ACTUAL
2/25/2014,3142,FGWM,4,ACTUAL
2/26/2014,3142,FGWM,3,ACTUAL
2/27/2014,3142,FGWM,2,ACTUAL
2/28/2014,3142,FGWM,1,ACTUAL
3/1/2014,3142,FGWM,2,ACTUAL
3/2/2014,3142,FGWM,4,ACTUAL
3/3/2014,3142,FGWM,4,ACTUAL
3/4/2014,3142,FGWM,2,ACTUAL
3/5/2014,3142,FGWM,3,ACTUAL
3/6/2014,3142,FGWM,5,ACTUAL
3/7/2014,3142,FGWM,4,ACTUAL
3/8/2014,3142,FGWM,3,ACTUAL
3/9/2014,3142,FGWM,2,ACTUAL
3/10/2014,3142,FGWM,0,ACTUAL
3/11/2014,3142,FGWM,5,ACTUAL
3/12/2014,3142,FGWM,3,ACTUAL
3/13/2014,3142,FGWM,4,ACTUAL
3/14/2014,3142,FGWM,4,ACTUAL
3/15/2014,3142,FGWM,3,ACTUAL
3/16/2014,3142,FGWM,3,ACTUAL
3/17/2014,3142,FGWM,5,ACTUAL
3/18/2014,3142,FGWM,4,ACTUAL
3/19/2014,3142,FGWM,3,ACTUAL
3/20/2014,3142,FGWM,4,ACTUAL
3/21/2014,3142,FGWM,2,ACTUAL
3/22/2014,3142,FGWM,4,ACTUAL
3/23/2014,3142,FGWM,6,ACTUAL
3/24/2014,3142,FGWM,3,ACTUAL
3/25/2014,3142,FGWM,4,ACTUAL
3/26/2014,3142,FGWM,2,ACTUAL
3/27/2014,3142,FGWM,4,ACTUAL
3/28/2014,3142,FGWM,3,ACTUAL
3/29/2014,3142,FGWM,3,ACTUAL
3/30/2014,3142,FGWM,3,ACTUAL
3/31/2014,3142,FGWM,3,ACTUAL
4/1/2014,3142,FGWM,3,ACTUAL
4/2/2014,3142,FGWM,4,ACTUAL
4/3/2014,3142,FGWM,4,ACTUAL
4/4/2014,3142,FGWM,5,ACTUAL
4/5/2014,3142,FGWM,6,ACTUAL
4/6/2014,3142,FGWM,3,ACTUAL
4/7/2014,3142,FGWM,1,ACTUAL
4/8/2014,3142,FGWM,2,ACTUAL
4/9/2014,3142,FGWM,4,ACTUAL
4/10/2014,3142,FGWM,2,ACTUAL
4/11/2014,3142,FGWM,3,ACTUAL
4/12/2014,3142,FGWM,5,ACTUAL
4/13/2014,3142,FGWM,6,ACTUAL
4/14/2014,3142,FGWM,2,ACTUAL
4/15/2014,3142,FGWM,1,ACTUAL
4/16/2014,3142,FGWM,1,ACTUAL
4/17/2014,3142,FGWM,5,ACTUAL
4/18/2014,3142,FGWM,1,ACTUAL
4/19/2014,3142,FGWM,1,ACTUAL
4/20/2014,3142,FGWM,2,ACTUAL
4/21/2014,3142,FGWM,4,ACTUAL
4/22/2014,3142,FGWM,0,ACTUAL
4/23/2014,3142,FGWM,5,ACTUAL
4/24/2014,3142,FGWM,2,ACTUAL
4/25/2014,3142,FGWM,6,ACTUAL
4/26/2014,3142,FGWM,0,ACTUAL
4/27/2014,3142,FGWM,2,ACTUAL
4/28/2014,3142,FGWM,4,ACTUAL
4/29/2014,3142,FGWM,3,ACTUAL
4/30/2014,3142,FGWM,4,ACTUAL
5/1/2014,3142,FGWM,3,ACTUAL
5/2/2014,3142,FGWM,5,ACTUAL
5/3/2014,3142,FGWM,4,ACTUAL
5/4/2014,3142,FGWM,4,ACTUAL
5/5/2014,3142,FGWM,4,ACTUAL
5/6/2014,3142,FGWM,2,ACTUAL
5/7/2014,3142,FGWM,2,ACTUAL
5/8/2014,3142,FGWM,4,ACTUAL
5/9/2014,3142,FGWM,2,ACTUAL
5/10/2014,3142,FGWM,2,ACTUAL
5/11/2014,3142,FGWM,3,ACTUAL
5/12/2014,3142,FGWM,5,ACTUAL
5/13/2014,3142,FGWM,6,ACTUAL
5/14/2014,3142,FGWM,0,ACTUAL
5/15/2014,3142,FGWM,4,ACTUAL
5/16/2014,3142,FGWM,2,ACTUAL
5/17/2014,3142,FGWM,2,ACTUAL
5/18/2014,3142,FGWM,6,ACTUAL
5/19/2014,3142,FGWM,0,ACTUAL
5/20/2014,3142,FGWM,1,ACTUAL
5/21/2014,3142,FGWM,3,ACTUAL
5/22/2014,3142,FGWM,4,ACTUAL
5/23/2014,3142,FGWM,1,ACTUAL
5/24/2014,3142,FGWM,2,ACTUAL
5/25/2014,3142,FGWM,6,ACTUAL
5/26/2014,3142,FGWM,2,ACTUAL
5/27/2014,3142,FGWM,1,ACTUAL
5/28/2014,3142,FGWM,5,ACTUAL
5/29/2014,3142,FGWM,3,ACTUAL
5/30/2014,3142,FGWM,5,ACTUAL
5/31/2014,3142,FGWM,3,ACTUAL
6/1/2014,3142,FGWM,4,ACTUAL
6/2/2014,3142,FGWM,1,ACTUAL
6/3/2014,3142,FGWM,4,ACTUAL
6/4/2014,3142,FGWM,6,ACTUAL
6/5/2014,3142,FGWM,2,ACTUAL
6/6/2014,3142,FGWM,2,ACTUAL
6/7/2014,3142,FGWM,3,ACTUAL
6/8/2014,3142,FGWM,4,ACTUAL
6/9/2014,3142,FGWM,4,ACTUAL
6/10/2014,3142,FGWM,4,ACTUAL
6/11/2014,3142,FGWM,5,ACTUAL
6/12/2014,3142,FGWM,4,ACTUAL
6/13/2014,3142,FGWM,5,ACTUAL
6/14/2014,3142,FGWM,2,ACTUAL
6/15/2014,3142,FGWM,2,ACTUAL
6/16/2014,3142,FGWM,4,ACTUAL
6/17/2014,3142,FGWM,1,ACTUAL
6/18/2014,3142,FGWM,1,ACTUAL
6/19/2014,3142,FGWM,2,ACTUAL
6/20/2014,3142,FGWM,5,ACTUAL
6/21/2014,3142,FGWM,3,ACTUAL
6/22/2014,3142,FGWM,3,ACTUAL
6/23/2014,3142,FGWM,1,ACTUAL
6/24/2014,3142,FGWM,3,ACTUAL
6/25/2014,3142,FGWM,4,ACTUAL
6/26/2014,3142,FGWM,2,ACTUAL
6/27/2014,3142,FGWM,5,ACTUAL
6/28/2014,3142,FGWM,3,ACTUAL
6/29/2014,3142,FGWM,3,ACTUAL
6/30/2014,3142,FGWM,1,ACTUAL
7/1/2014,3142,FGWM,4,ACTUAL
7/2/2014,3142,FGWM,4,ACTUAL
7/3/2014,3142,FGWM,2,ACTUAL
7/4/2014,3142,FGWM,4,ACTUAL
7/5/2014,3142,FGWM,1,ACTUAL
7/6/2014,3142,FGWM,2,ACTUAL
7/7/2014,3142,FGWM,1,ACTUAL
7/8/2014,3142,FGWM,4,ACTUAL
7/9/2014,3142,FGWM,3,ACTUAL
7/10/2014,3142,FGWM,4,ACTUAL
7/11/2014,3142,FGWM,5,ACTUAL
7/12/2014,3142,FGWM,6,ACTUAL
7/13/2014,3142,FGWM,3,ACTUAL
7/14/2014,3142,FGWM,2,ACTUAL
7/15/2014,3142,FGWM,3,ACTUAL
7/16/2014,3142,FGWM,3,ACTUAL
7/17/2014,3142,FGWM,4,ACTUAL
7/18/2014,3142,FGWM,1,ACTUAL
7/19/2014,3142,FGWM,3,ACTUAL
7/20/2014,3142,FGWM,3,ACTUAL
7/21/2014,3142,FGWM,3,ACTUAL
7/22/2014,3142,FGWM,1,ACTUAL
7/23/2014,3142,FGWM,3,ACTUAL
7/24/2014,3142,FGWM,5,ACTUAL
7/25/2014,3142,FGWM,5,ACTUAL
7/26/2014,3142,FGWM,1,ACTUAL
7/27/2014,3142,FGWM,1,ACTUAL
7/28/2014,3142,FGWM,4,ACTUAL
7/29/2014,3142,FGWM,4,ACTUAL
7/30/2014,3142,FGWM,1,ACTUAL
7/31/2014,3142,FGWM,5,ACTUAL
8/1/2014,3142,FGWM,2,ACTUAL
8/2/2014,3142,FGWM,3,ACTUAL
8/3/2014,3142,FGWM,1,ACTUAL
8/4/2014,3142,FGWM,2,ACTUAL
8/5/2014,3142,FGWM,4,ACTUAL
8/6/2014,3142,FGWM,3,ACTUAL
8/7/2014,3142,FGWM,4,ACTUAL
8/8/2014,3142,FGWM,2,ACTUAL
8/9/2014,3142,FGWM,3,ACTUAL
8/10/2014,3142,FGWM,4,ACTUAL
8/11/2014,3142,FGWM,2,ACTUAL
8/12/2014,3142,FGWM,1,ACTUAL
8/13/2014,3142,FGWM,4,ACTUAL
8/14/2014,3142,FGWM,2,ACTUAL
8/15/2014,3142,FGWM,1,ACTUAL
8/16/2014,3142,FGWM,3,ACTUAL
8/17/2014,3142,FGWM,1,ACTUAL
8/18/2014,3142,FGWM,4,ACTUAL
8/19/2014,3142,FGWM,0,ACTUAL
8/20/2014,3142,FGWM,4,ACTUAL
8/21/2014,3142,FGWM,2,ACTUAL
8/22/2014,3142,FGWM,2,ACTUAL
8/23/2014,3142,FGWM,4,ACTUAL
8/24/2014,3142,FGWM,6,ACTUAL
8/25/2014,3142,FGWM,4,ACTUAL
8/26/2014,3142,FGWM,3,ACTUAL
8/27/2014,3142,FGWM,2,ACTUAL
8/28/2014,3142,FGWM,4,ACTUAL
8/29/2014,3142,FGWM,2,ACTUAL
8/30/2014,3142,FGWM,3,ACTUAL
8/31/2014,3142,FGWM,3,ACTUAL
9/1/2014,3142,FGWM,4,ACTUAL
9/2/2014,3142,FGWM,6,ACTUAL
9/3/2014,3142,FGWM,3,ACTUAL
9/4/2014,3142,FGWM,3,ACTUAL
9/5/2014,3142,FGWM,1,ACTUAL
9/6/2014,3142,FGWM,4,ACTUAL
9/7/2014,3142,FGWM,3,ACTUAL
9/8/2014,3142,FGWM,3,ACTUAL
9/9/2014,3142,FGWM,0,ACTUAL
9/10/2014,3142,FGWM,2,ACTUAL
9/11/2014,3142,FGWM,1,ACTUAL
9/12/2014,3142,FGWM,0,ACTUAL
9/13/2014,3142,FGWM,4,ACTUAL
9/14/2014,3142,FGWM,1,ACTUAL
9/15/2014,3142,FGWM,2,ACTUAL
9/16/2014,3142,FGWM,2,ACTUAL
9/17/2014,3142,FGWM,2,ACTUAL
9/18/2014,3142,FGWM,5,ACTUAL
9/19/2014,3142,FGWM,2,ACTUAL
9/20/2014,3142,FGWM,2,ACTUAL
9/21/2014,3142,FGWM,6,ACTUAL
9/22/2014,3142,FGWM,0,ACTUAL
9/23/2014,3142,FGWM,4,ACTUAL
9/24/2014,3142,FGWM,3,ACTUAL
9/25/2014,3142,FGWM,5,ACTUAL
9/26/2014,3142,FGWM,4,ACTUAL
9/27/2014,3142,FGWM,0,ACTUAL
9/28/2014,3142,FGWM,3,ACTUAL
9/29/2014,3142,FGWM,4,ACTUAL
9/30/2014,3142,FGWM,2,ACTUAL
10/1/2014,3142,FGWM,5,ACTUAL
10/2/2014,3142,FGWM,3,ACTUAL
10/3/2014,3142,FGWM,2,ACTUAL
10/4/2014,3142,FGWM,2,ACTUAL
10/5/2014,3142,FGWM,4,ACTUAL
10/6/2014,3142,FGWM,1,ACTUAL
10/7/2014,3142,FGWM,2,ACTUAL
10/8/2014,3142,FGWM,1,ACTUAL
10/9/2014,3142,FGWM,4,ACTUAL
10/10/2014,3142,FGWM,5,ACTUAL
10/11/2014,3142,FGWM,5,ACTUAL
10/12/2014,3142,FGWM,3,ACTUAL
10/13/2014,3142,FGWM,1,ACTUAL
10/14/2014,3142,FGWM,4,ACTUAL
10/15/2014,3142,FGWM,1,ACTUAL
10/16/2014,3142,FGWM,0,ACTUAL
10/17/2014,3142,FGWM,5,ACTUAL
10/18/2014,3142,FGWM,2,ACTUAL
10/19/2014,3142,FGWM,6,ACTUAL
10/20/2014,3142,FGWM,0,ACTUAL
10/21/2014,3142,FGWM,2,ACTUAL
10/22/2014,3142,FGWM,4,ACTUAL
10/23/2014,3142,FGWM,4,ACTUAL
10/24/2014,3142,FGWM,2,ACTUAL
10/25/2014,3142,FGWM,3,ACTUAL
10/26/2014,3142,FGWM,6,ACTUAL
10/27/2014,3142,FGWM,0,ACTUAL
10/28/2014,3142,FGWM,4,ACTUAL
10/29/2014,3142,FGWM,1,ACTUAL
10/30/2014,3142,FGWM,2,ACTUAL
10/31/2014,3142,FGWM,3,ACTUAL
11/1/2014,3142,FGWM,3,ACTUAL
11/2/2014,3142,FGWM,5,ACTUAL
11/3/2014,3142,FGWM,2,ACTUAL
11/4/2014,3142,FGWM,1,ACTUAL
11/5/2014,3142,FGWM,6,ACTUAL
11/6/2014,3142,FGWM,4,ACTUAL
11/7/2014,3142,FGWM,2,ACTUAL
11/8/2014,3142,FGWM,1,ACTUAL
11/9/2014,3142,FGWM,6,ACTUAL
11/10/2014,3142,FGWM,2,ACTUAL
11/11/2014,3142,FGWM,4,ACTUAL
11/12/2014,3142,FGWM,1,ACTUAL
11/13/2014,3142,FGWM,4,ACTUAL
11/14/2014,3142,FGWM,4,ACTUAL
11/15/2014,3142,FGWM,4,ACTUAL
11/16/2014,3142,FGWM,3,ACTUAL
11/17/2014,3142,FGWM,0,ACTUAL
11/18/2014,3142,FGWM,3,ACTUAL
11/19/2014,3142,FGWM,4,ACTUAL
11/20/2014,3142,FGWM,1,ACTUAL
11/21/2014,3142,FGWM,3,ACTUAL
11/22/2014,3142,FGWM,2,ACTUAL
11/23/2014,3142,FGWM,6,ACTUAL
11/24/2014,3142,FGWM,5,ACTUAL
11/25/2014,3142,FGWM,1,ACTUAL
11/26/2014,3142,FGWM,2,ACTUAL
11/27/2014,3142,FGWM,1,ACTUAL
11/28/2014,3142,FGWM,4,ACTUAL
11/29/2014,3142,FGWM,0,ACTUAL
11/30/2014,3142,FGWM,2,ACTUAL
12/1/2014,3142,FGWM,6,ACTUAL
12/2/2014,3142,FGWM,5,ACTUAL
12/3/2014,3142,FGWM,3,ACTUAL
12/4/2014,3142,FGWM,4,ACTUAL
12/5/2014,3142,FGWM,4,ACTUAL
12/6/2014,3142,FGWM,5,ACTUAL
12/7/2014,3142,FGWM,3,ACTUAL
12/8/2014,3142,FGWM,4,ACTUAL
12/9/2014,3142,FGWM,0,ACTUAL
12/10/2014,3142,FGWM,6,ACTUAL
12/11/2014,3142,FGWM,4,ACTUAL
12/12/2014,3142,FGWM,5,ACTUAL
12/13/2014,3142,FGWM,1,ACTUAL
12/14/2014,3142,FGWM,2,ACTUAL
12/15/2014,3142,FGWM,2,ACTUAL
12/16/2014,3142,FGWM,4,ACTUAL
12/17/2014,3142,FGWM,4,ACTUAL
12/18/2014,3142,FGWM,3,ACTUAL
12/19/2014,3142,FGWM,0,ACTUAL
12/20/2014,3142,FGWM,3,ACTUAL
12/21/2014,3142,FGWM,3,ACTUAL
12/22/2014,3142,FGWM,3,ACTUAL
12/23/2014,3142,FGWM,3,ACTUAL
12/24/2014,3142,FGWM,1,ACTUAL
12/25/2014,3142,FGWM,4,ACTUAL
12/26/2014,3142,FGWM,2,ACTUAL
12/27/2014,3142,FGWM,3,ACTUAL
12/28/2014,3142,FGWM,6,ACTUAL
12/29/2014,3142,FGWM,2,ACTUAL
12/30/2014,3142,FGWM,1,ACTUAL
12/31/2014,3142,FGWM,2,ACTUAL
1/1/2015,3142,FGWM,1,ACTUAL
1/2/2015,3142,FGWM,1,ACTUAL
1/3/2015,3142,FGWM,4,ACTUAL
1/4/2015,3142,FGWM,1,ACTUAL
1/5/2015,3142,FGWM,5,ACTUAL
1/6/2015,3142,FGWM,4,ACTUAL
1/7/2015,3142,FGWM,1,ACTUAL
1/8/2015,3142,FGWM,3,ACTUAL
1/9/2015,3142,FGWM,0,ACTUAL
1/10/2015,3142,FGWM,0,ACTUAL
1/11/2015,3142,FGWM,2,ACTUAL
1/12/2015,3142,FGWM,4,ACTUAL
1/13/2015,3142,FGWM,3,ACTUAL
1/14/2015,3142,FGWM,1,ACTUAL
1/15/2015,3142,FGWM,2,ACTUAL
1/16/2015,3142,FGWM,3,ACTUAL
1/17/2015,3142,FGWM,1,ACTUAL
1/18/2015,3142,FGWM,3,ACTUAL
1/19/2015,3142,FGWM,4,ACTUAL
1/20/2015,3142,FGWM,5,ACTUAL
1/21/2015,3142,FGWM,5,ACTUAL
1/22/2015,3142,FGWM,4,ACTUAL
1/23/2015,3142,FGWM,0,ACTUAL
1/24/2015,3142,FGWM,3,ACTUAL
1/25/2015,3142,FGWM,6,ACTUAL
1/26/2015,3142,FGWM,1,ACTUAL
1/27/2015,3142,FGWM,1,ACTUAL
1/28/2015,3142,FGWM,4,ACTUAL
1/29/2015,3142,FGWM,5,ACTUAL
1/30/2015,3142,FGWM,2,ACTUAL
1/31/2015,3142,FGWM,2,ACTUAL
2/1/2015,3142,FGWM,5,ACTUAL
2/2/2015,3142,FGWM,3,ACTUAL
2/3/2015,3142,FGWM,1,ACTUAL
2/4/2015,3142,FGWM,5,ACTUAL
2/5/2015,3142,FGWM,4,ACTUAL
2/6/2015,3142,FGWM,1,ACTUAL
2/7/2015,3142,FGWM,0,ACTUAL
2/8/2015,3142,FGWM,2,ACTUAL
2/9/2015,3142,FGWM,1,ACTUAL
2/10/2015,3142,FGWM,1,ACTUAL
2/11/2015,3142,FGWM,2,ACTUAL
2/12/2015,3142,FGWM,1,ACTUAL
2/13/2015,3142,FGWM,1,ACTUAL
2/14/2015,3142,FGWM,4,ACTUAL
2/15/2015,3142,FGWM,6,ACTUAL
2/16/2015,3142,FGWM,5,ACTUAL
2/17/2015,3142,FGWM,20,ACTUAL
2/18/2015,3142,FGWM,0,ACTUAL
2/19/2015,3142,FGWM,0,ACTUAL
2/20/2015,3142,FGWM,0,ACTUAL
2/21/2015,3142,FGWM,0,ACTUAL
2/22/2015,3142,FGWM,4,ACTUAL
2/23/2015,3142,FGWM,4,ACTUAL
2/24/2015,3142,FGWM,3,ACTUAL
2/25/2015,3142,FGWM,4,ACTUAL
2/26/2015,3142,FGWM,4,ACTUAL
2/27/2015,3142,FGWM,4,ACTUAL
2/28/2015,3142,FGWM,4,ACTUAL
3/1/2015,3142,FGWM,4,ACTUAL
3/2/2015,3142,FGWM,4,ACTUAL
3/3/2015,3142,FGWM,4,ACTUAL
3/4/2015,3142,FGWM,3,ACTUAL
3/5/2015,3142,FGWM,6,ACTUAL
3/6/2015,3142,FGWM,2,ACTUAL
3/7/2015,3142,FGWM,0,ACTUAL
3/8/2015,3142,FGWM,1,ACTUAL
3/9/2015,3142,FGWM,5,ACTUAL
3/10/2015,3142,FGWM,2,ACTUAL
3/11/2015,3142,FGWM,5,ACTUAL
3/12/2015,3142,FGWM,4,ACTUAL
3/13/2015,3142,FGWM,4,ACTUAL
3/14/2015,3142,FGWM,4,ACTUAL
3/15/2015,3142,FGWM,4,ACTUAL
3/16/2015,3142,FGWM,4,ACTUAL
3/17/2015,3142,FGWM,5,ACTUAL
3/18/2015,3142,FGWM,2,ACTUAL
3/19/2015,3142,FGWM,4,ACTUAL
3/20/2015,3142,FGWM,2,ACTUAL
3/21/2015,3142,FGWM,4,ACTUAL
3/22/2015,3142,FGWM,2,ACTUAL
3/23/2015,3142,FGWM,5,ACTUAL
3/24/2015,3142,FGWM,1,ACTUAL
3/25/2015,3142,FGWM,4,ACTUAL
3/26/2015,3142,FGWM,4,ACTUAL
3/27/2015,3142,FGWM,5,ACTUAL
3/28/2015,3142,FGWM,2,ACTUAL
3/29/2015,3142,FGWM,9,ACTUAL
3/30/2015,3142,FGWM,2,ACTUAL
3/31/2015,3142,FGWM,0,ACTUAL
4/1/2015,3142,FGWM,2,ACTUAL
4/2/2015,3142,FGWM,5,ACTUAL
4/3/2015,3142,FGWM,4,ACTUAL
4/4/2015,3142,FGWM,2,ACTUAL
4/5/2015,3142,FGWM,5,ACTUAL
4/6/2015,3142,FGWM,1,ACTUAL
4/7/2015,3142,FGWM,1,ACTUAL
4/8/2015,3142,FGWM,0,ACTUAL
4/9/2015,3142,FGWM,1,ACTUAL
4/10/2015,3142,FGWM,1,ACTUAL
4/11/2015,3142,FGWM,1,ACTUAL
4/12/2015,3142,FGWM,2,ACTUAL
4/13/2015,3142,FGWM,0,ACTUAL
4/14/2015,3142,FGWM,5,ACTUAL
4/15/2015,3142,FGWM,5,ACTUAL
4/16/2015,3142,FGWM,2,ACTUAL
4/17/2015,3142,FGWM,2,ACTUAL
4/18/2015,3142,FGWM,1,ACTUAL
4/19/2015,3142,FGWM,2,ACTUAL
4/20/2015,3142,FGWM,3,ACTUAL
4/21/2015,3142,FGWM,4,ACTUAL
4/22/2015,3142,FGWM,1,ACTUAL
4/23/2015,3142,FGWM,5,ACTUAL
4/24/2015,3142,FGWM,7,ACTUAL
4/25/2015,3142,FGWM,2,ACTUAL
4/26/2015,3142,FGWM,2,ACTUAL
4/27/2015,3142,FGWM,2,ACTUAL
4/28/2015,3142,FGWM,1,ACTUAL
4/29/2015,3142,FGWM,4,ACTUAL
4/30/2015,3142,FGWM,1,ACTUAL
5/1/2015,3142,FGWM,4,ACTUAL
5/2/2015,3142,FGWM,4,ACTUAL
5/3/2015,3142,FGWM,3,ACTUAL
5/4/2015,3142,FGWM,6,ACTUAL
5/5/2015,3142,FGWM,4,ACTUAL
5/6/2015,3142,FGWM,0,ACTUAL
5/7/2015,3142,FGWM,1,ACTUAL
5/8/2015,3142,FGWM,1,ACTUAL
5/9/2015,3142,FGWM,2,ACTUAL
5/10/2015,3142,FGWM,0,ACTUAL
5/11/2015,3142,FGWM,4,ACTUAL
5/12/2015,3142,FGWM,0,ACTUAL
5/13/2015,3142,FGWM,1,ACTUAL
5/14/2015,3142,FGWM,1,ACTUAL
5/15/2015,3142,FGWM,1,ACTUAL
5/16/2015,3142,FGWM,3,ACTUAL
5/17/2015,3142,FGWM,3,ACTUAL
5/18/2015,3142,FGWM,1,ACTUAL
5/19/2015,3142,FGWM,1,ACTUAL
5/20/2015,3142,FGWM,6,ACTUAL
5/21/2015,3142,FGWM,0,ACTUAL
5/22/2015,3142,FGWM,0,ACTUAL
5/23/2015,3142,FGWM,0,ACTUAL
5/24/2015,3142,FGWM,0,ACTUAL
5/25/2015,3142,FGWM,4,ACTUAL
5/26/2015,3142,FGWM,2,ACTUAL
5/27/2015,3142,FGWM,1,ACTUAL
5/28/2015,3142,FGWM,1,ACTUAL
5/29/2015,3142,FGWM,2,ACTUAL
5/30/2015,3142,FGWM,3,ACTUAL
5/31/2015,3142,FGWM,6,ACTUAL
6/1/2015,3142,FGWM,4,ACTUAL
6/2/2015,3142,FGWM,3,ACTUAL
6/3/2015,3142,FGWM,3,ACTUAL
6/4/2015,3142,FGWM,4,ACTUAL
6/5/2015,3142,FGWM,4,ACTUAL
6/6/2015,3142,FGWM,1,ACTUAL
6/7/2015,3142,FGWM,1,ACTUAL
6/8/2015,3142,FGWM,1,ACTUAL
6/9/2015,3142,FGWM,7,ACTUAL
6/10/2015,3142,FGWM,1,ACTUAL
6/11/2015,3142,FGWM,0,ACTUAL
6/12/2015,3142,FGWM,5,ACTUAL
6/13/2015,3142,FGWM,0,ACTUAL
6/14/2015,3142,FGWM,7,ACTUAL
6/15/2015,3142,FGWM,2,ACTUAL
6/16/2015,3142,FGWM,1,ACTUAL
6/17/2015,3142,FGWM,1,ACTUAL
6/18/2015,3142,FGWM,0,ACTUAL
6/19/2015,3142,FGWM,0,ACTUAL
6/20/2015,3142,FGWM,0,ACTUAL
6/21/2015,3142,FGWM,3,ACTUAL
6/22/2015,3142,FGWM,1,ACTUAL
6/23/2015,3142,FGWM,1,ACTUAL
6/24/2015,3142,FGWM,1,ACTUAL
6/25/2015,3142,FGWM,1,ACTUAL
6/26/2015,3142,FGWM,1,ACTUAL
6/27/2015,3142,FGWM,4,ACTUAL
6/28/2015,3142,FGWM,1,ACTUAL
6/29/2015,3142,FGWM,0,ACTUAL
6/30/2015,3142,FGWM,0,ACTUAL
7/1/2015,3142,FGWM,1,ACTUAL
7/2/2015,3142,FGWM,4,ACTUAL
7/3/2015,3142,FGWM,3,ACTUAL
7/4/2015,3142,FGWM,3,ACTUAL
7/5/2015,3142,FGWM,3,ACTUAL
7/6/2015,3142,FGWM,6,ACTUAL
7/7/2015,3142,FGWM,1,ACTUAL
7/8/2015,3142,FGWM,1,ACTUAL
7/9/2015,3142,FGWM,1,ACTUAL
7/10/2015,3142,FGWM,2,ACTUAL
7/11/2015,3142,FGWM,1,ACTUAL
7/12/2015,3142,FGWM,5,ACTUAL
7/13/2015,3142,FGWM,1,ACTUAL
7/14/2015,3142,FGWM,2,ACTUAL
7/15/2015,3142,FGWM,1,ACTUAL
7/16/2015,3142,FGWM,0,ACTUAL
7/17/2015,3142,FGWM,5,ACTUAL
7/18/2015,3142,FGWM,3,ACTUAL
7/19/2015,3142,FGWM,2,ACTUAL
7/20/2015,3142,FGWM,4,ACTUAL
7/21/2015,3142,FGWM,2,ACTUAL
7/22/2015,3142,FGWM,3,ACTUAL
7/23/2015,3142,FGWM,1,ACTUAL
7/24/2015,3142,FGWM,0,ACTUAL
7/25/2015,3142,FGWM,3,ACTUAL
7/26/2015,3142,FGWM,3,ACTUAL
7/27/2015,3142,FGWM,5,ACTUAL
7/28/2015,3142,FGWM,3,ACTUAL
7/29/2015,3142,FGWM,1,ACTUAL
7/30/2015,3142,FGWM,2,ACTUAL
7/31/2015,3142,FGWM,0,ACTUAL
8/1/2015,3142,FGWM,5,ACTUAL
8/2/2015,3142,FGWM,1,ACTUAL
8/3/2015,3142,FGWM,4,ACTUAL
8/4/2015,3142,FGWM,5,ACTUAL
8/5/2015,3142,FGWM,5,ACTUAL
8/6/2015,3142,FGWM,3,ACTUAL
8/7/2015,3142,FGWM,3,ACTUAL
8/8/2015,3142,FGWM,1,ACTUAL
8/9/2015,3142,FGWM,1,ACTUAL
8/10/2015,3142,FGWM,1,ACTUAL
8/11/2015,3142,FGWM,1,ACTUAL
8/12/2015,3142,FGWM,1,ACTUAL
8/13/2015,3142,FGWM,2,ACTUAL
8/14/2015,3142,FGWM,1,ACTUAL
8/15/2015,3142,FGWM,2,ACTUAL
8/16/2015,3142,FGWM,4,ACTUAL
8/17/2015,3142,FGWM,2,ACTUAL
8/18/2015,3142,FGWM,1,ACTUAL
8/19/2015,3142,FGWM,1,ACTUAL
8/20/2015,3142,FGWM,0,ACTUAL
8/21/2015,3142,FGWM,0,ACTUAL
8/22/2015,3142,FGWM,2,ACTUAL
8/23/2015,3142,FGWM,5,ACTUAL
8/24/2015,3142,FGWM,2,ACTUAL
8/25/2015,3142,FGWM,2,ACTUAL
8/26/2015,3142,FGWM,3,ACTUAL
8/27/2015,3142,FGWM,5,ACTUAL
8/28/2015,3142,FGWM,2,ACTUAL
8/29/2015,3142,FGWM,1,ACTUAL
8/30/2015,3142,FGWM,4,ACTUAL
8/31/2015,3142,FGWM,4,ACTUAL
9/1/2015,3142,FGWM,1,ACTUAL
9/2/2015,3142,FGWM,5,ACTUAL
9/3/2015,3142,FGWM,1,ACTUAL
9/4/2015,3142,FGWM,5,ACTUAL
9/5/2015,3142,FGWM,4,ACTUAL
9/6/2015,3142,FGWM,3,ACTUAL
9/7/2015,3142,FGWM,0,ACTUAL
9/8/2015,3142,FGWM,0,ACTUAL
9/9/2015,3142,FGWM,1,ACTUAL
9/10/2015,3142,FGWM,0,ACTUAL
9/11/2015,3142,FGWM,0,ACTUAL
9/12/2015,3142,FGWM,1,ACTUAL
9/13/2015,3142,FGWM,2,ACTUAL
9/14/2015,3142,FGWM,2,ACTUAL
9/15/2015,3142,FGWM,1,ACTUAL
9/16/2015,3142,FGWM,1,ACTUAL
9/17/2015,3142,FGWM,1,ACTUAL
9/18/2015,3142,FGWM,4,ACTUAL
9/19/2015,3142,FGWM,0,ACTUAL
9/20/2015,3142,FGWM,1,ACTUAL
9/21/2015,3142,FGWM,1,ACTUAL
9/22/2015,3142,FGWM,1,ACTUAL
9/23/2015,3142,FGWM,1,ACTUAL
9/24/2015,3142,FGWM,1,ACTUAL
9/25/2015,3142,FGWM,4,ACTUAL
9/26/2015,3142,FGWM,0,ACTUAL
9/27/2015,3142,FGWM,7,ACTUAL
9/28/2015,3142,FGWM,1,ACTUAL
9/29/2015,3142,FGWM,5,ACTUAL
9/30/2015,3142,FGWM,1,ACTUAL
10/1/2015,3142,FGWM,1,ACTUAL
10/2/2015,3142,FGWM,4,ACTUAL
10/3/2015,3142,FGWM,4,ACTUAL
10/4/2015,3142,FGWM,4,ACTUAL
10/5/2015,3142,FGWM,6,ACTUAL
10/6/2015,3142,FGWM,2,ACTUAL
10/7/2015,3142,FGWM,5,ACTUAL
10/8/2015,3142,FGWM,5,ACTUAL
10/9/2015,3142,FGWM,1,ACTUAL
10/10/2015,3142,FGWM,2,ACTUAL
10/11/2015,3142,FGWM,1,ACTUAL
10/12/2015,3142,FGWM,5,ACTUAL
10/13/2015,3142,FGWM,1,ACTUAL
10/14/2015,3142,FGWM,2,ACTUAL
10/15/2015,3142,FGWM,1,ACTUAL
10/16/2015,3142,FGWM,1,ACTUAL
10/17/2015,3142,FGWM,1,ACTUAL
10/18/2015,3142,FGWM,5,ACTUAL
10/19/2015,3142,FGWM,1,ACTUAL
10/20/2015,3142,FGWM,1,ACTUAL
10/21/2015,3142,FGWM,1,ACTUAL
10/22/2015,3142,FGWM,4,ACTUAL
10/23/2015,3142,FGWM,0,ACTUAL
10/24/2015,3142,FGWM,2,ACTUAL
10/25/2015,3142,FGWM,1,ACTUAL
10/26/2015,3142,FGWM,1,ACTUAL
10/27/2015,3142,FGWM,2,ACTUAL
10/28/2015,3142,FGWM,1,ACTUAL
10/29/2015,3142,FGWM,0,ACTUAL
10/30/2015,3142,FGWM,0,ACTUAL
10/31/2015,3142,FGWM,0,ACTUAL
11/1/2015,3142,FGWM,3,ACTUAL
11/2/2015,3142,FGWM,4,ACTUAL
11/3/2015,3142,FGWM,4,ACTUAL
11/4/2015,3142,FGWM,2,ACTUAL
11/5/2015,3142,FGWM,2,ACTUAL
11/6/2015,3142,FGWM,5,ACTUAL
11/7/2015,3142,FGWM,2,ACTUAL
11/8/2015,3142,FGWM,2,ACTUAL
11/9/2015,3142,FGWM,5,ACTUAL
11/10/2015,3142,FGWM,2,ACTUAL
11/11/2015,3142,FGWM,5,ACTUAL
11/12/2015,3142,FGWM,0,ACTUAL
11/13/2015,3142,FGWM,0,ACTUAL
11/14/2015,3142,FGWM,2,ACTUAL
11/15/2015,3142,FGWM,5,ACTUAL
11/16/2015,3142,FGWM,0,ACTUAL
11/17/2015,3142,FGWM,0,ACTUAL
11/18/2015,3142,FGWM,1,ACTUAL
11/19/2015,3142,FGWM,5,ACTUAL
11/20/2015,3142,FGWM,0,ACTUAL
11/21/2015,3142,FGWM,3,ACTUAL
11/22/2015,3142,FGWM,2,ACTUAL
11/23/2015,3142,FGWM,1,ACTUAL
11/24/2015,3142,FGWM,5,ACTUAL
11/25/2015,3142,FGWM,1,ACTUAL
11/26/2015,3142,FGWM,0,ACTUAL
11/27/2015,3142,FGWM,1,ACTUAL
11/28/2015,3142,FGWM,2,ACTUAL
11/29/2015,3142,FGWM,1,ACTUAL
11/30/2015,3142,FGWM,0,ACTUAL
12/1/2015,3142,FGWM,4,ACTUAL
12/2/2015,3142,FGWM,1,ACTUAL
12/3/2015,3142,FGWM,5,ACTUAL
12/4/2015,3142,FGWM,6,ACTUAL
12/5/2015,3142,FGWM,1,ACTUAL
12/6/2015,3142,FGWM,0,ACTUAL
12/7/2015,3142,FGWM,2,ACTUAL
12/8/2015,3142,FGWM,1,ACTUAL
12/9/2015,3142,FGWM,0,ACTUAL
12/10/2015,3142,FGWM,1,ACTUAL
12/11/2015,3142,FGWM,1,ACTUAL
12/12/2015,3142,FGWM,1,ACTUAL
12/13/2015,3142,FGWM,2,ACTUAL
12/14/2015,3142,FGWM,0,ACTUAL
12/15/2015,3142,FGWM,5,ACTUAL
12/16/2015,3142,FGWM,1,ACTUAL
12/17/2015,3142,FGWM,1,ACTUAL
12/18/2015,3142,FGWM,2,ACTUAL
12/19/2015,3142,FGWM,1,ACTUAL
12/20/2015,3142,FGWM,1,ACTUAL
12/21/2015,3142,FGWM,2,ACTUAL
12/22/2015,3142,FGWM,1,ACTUAL
12/23/2015,3142,FGWM,2,ACTUAL
12/24/2015,3142,FGWM,1,ACTUAL
12/25/2015,3142,FGWM,0,ACTUAL
12/26/2015,3142,FGWM,2,ACTUAL
12/27/2015,3142,FGWM,1,ACTUAL
12/28/2015,3142,FGWM,0,ACTUAL
12/29/2015,3142,FGWM,2,ACTUAL
12/30/2015,3142,FGWM,0,ACTUAL
12/31/2015,3142,FGWM,0,ACTUAL
1/1/2016,3142,FGWM,0,ACTUAL
1/2/2016,3142,FGWM,0,ACTUAL
1/3/2016,3142,FGWM,0,ACTUAL
1/4/2016,3142,FGWM,0,ACTUAL
1/5/2016,3142,FGWM,0,ACTUAL
1/6/2016,3142,FGWM,0,ACTUAL
1/7/2016,3142,FGWM,0,ACTUAL
1/8/2016,3142,FGWM,0,ACTUAL
1/9/2016,3142,FGWM,0,ACTUAL
1/10/2016,3142,FGWM,2,ACTUAL
1/11/2016,3142,FGWM,1,ACTUAL
1/12/2016,3142,FGWM,0,ACTUAL
1/13/2016,3142,FGWM,0,ACTUAL
1/14/2016,3142,FGWM,0,ACTUAL
1/4/2014,5479,MG,7,ACTUAL
1/5/2014,5479,MG,0,ACTUAL
1/6/2014,5479,MG,8,ACTUAL
1/7/2014,5479,MG,8,ACTUAL
1/8/2014,5479,MG,7,ACTUAL
1/9/2014,5479,MG,0,ACTUAL
1/10/2014,5479,MG,0,ACTUAL
1/11/2014,5479,MG,0,ACTUAL
1/12/2014,5479,MG,0,ACTUAL
1/13/2014,5479,MG,0,ACTUAL
1/14/2014,5479,MG,8,ACTUAL
1/15/2014,5479,MG,0,ACTUAL
1/16/2014,5479,MG,0,ACTUAL
1/17/2014,5479,MG,7,ACTUAL
1/18/2014,5479,MG,0,ACTUAL
1/19/2014,5479,MG,8,ACTUAL
1/20/2014,5479,MG,0,ACTUAL
1/21/2014,5479,MG,8,ACTUAL
1/22/2014,5479,MG,0,ACTUAL
1/23/2014,5479,MG,0,ACTUAL
1/24/2014,5479,MG,7,ACTUAL
1/25/2014,5479,MG,0,ACTUAL
1/26/2014,5479,MG,8,ACTUAL
1/27/2014,5479,MG,0,ACTUAL
1/28/2014,5479,MG,8,ACTUAL
1/29/2014,5479,MG,0,ACTUAL
1/30/2014,5479,MG,0,ACTUAL
1/31/2014,5479,MG,0,ACTUAL
2/1/2014,5479,MG,0,ACTUAL
2/2/2014,5479,MG,4,ACTUAL
2/3/2014,5479,MG,8,ACTUAL
2/4/2014,5479,MG,0,ACTUAL
2/5/2014,5479,MG,1,ACTUAL
2/6/2014,5479,MG,0,ACTUAL
2/7/2014,5479,MG,0,ACTUAL
2/8/2014,5479,MG,0,ACTUAL
2/9/2014,5479,MG,6,ACTUAL
2/10/2014,5479,MG,0,ACTUAL
2/11/2014,5479,MG,10,ACTUAL
2/12/2014,5479,MG,13,ACTUAL
2/13/2014,5479,MG,0,ACTUAL
2/14/2014,5479,MG,7,ACTUAL
2/15/2014,5479,MG,0,ACTUAL
2/16/2014,5479,MG,8,ACTUAL
2/17/2014,5479,MG,0,ACTUAL
2/18/2014,5479,MG,13,ACTUAL
2/19/2014,5479,MG,0,ACTUAL
2/20/2014,5479,MG,0,ACTUAL
2/21/2014,5479,MG,2,ACTUAL
2/22/2014,5479,MG,0,ACTUAL
2/23/2014,5479,MG,9,ACTUAL
2/24/2014,5479,MG,0,ACTUAL
2/25/2014,5479,MG,13,ACTUAL
2/26/2014,5479,MG,0,ACTUAL
2/27/2014,5479,MG,0,ACTUAL
2/28/2014,5479,MG,7,ACTUAL
3/1/2014,5479,MG,7,ACTUAL
3/2/2014,5479,MG,0,ACTUAL
3/3/2014,5479,MG,0,ACTUAL
3/4/2014,5479,MG,0,ACTUAL
3/5/2014,5479,MG,0,ACTUAL
3/6/2014,5479,MG,13,ACTUAL
3/7/2014,5479,MG,0,ACTUAL
3/8/2014,5479,MG,8,ACTUAL
3/9/2014,5479,MG,0,ACTUAL
3/10/2014,5479,MG,3,ACTUAL
3/11/2014,5479,MG,0,ACTUAL
3/12/2014,5479,MG,0,ACTUAL
3/13/2014,5479,MG,0,ACTUAL
3/14/2014,5479,MG,4,ACTUAL
3/15/2014,5479,MG,0,ACTUAL
3/16/2014,5479,MG,8,ACTUAL
3/17/2014,5479,MG,0,ACTUAL
3/18/2014,5479,MG,6,ACTUAL
3/19/2014,5479,MG,0,ACTUAL
3/20/2014,5479,MG,0,ACTUAL
3/21/2014,5479,MG,1,ACTUAL
3/22/2014,5479,MG,0,ACTUAL
3/23/2014,5479,MG,8,ACTUAL
3/24/2014,5479,MG,0,ACTUAL
3/25/2014,5479,MG,13,ACTUAL
3/26/2014,5479,MG,0,ACTUAL
3/27/2014,5479,MG,0,ACTUAL
3/28/2014,5479,MG,7,ACTUAL
3/29/2014,5479,MG,0,ACTUAL
3/30/2014,5479,MG,3,ACTUAL
3/31/2014,5479,MG,0,ACTUAL
4/1/2014,5479,MG,0,ACTUAL
4/2/2014,5479,MG,13,ACTUAL
4/3/2014,5479,MG,13,ACTUAL
4/4/2014,5479,MG,4,ACTUAL
4/5/2014,5479,MG,10,ACTUAL
4/6/2014,5479,MG,0,ACTUAL
4/7/2014,5479,MG,2,ACTUAL
4/8/2014,5479,MG,0,ACTUAL
4/9/2014,5479,MG,0,ACTUAL
4/10/2014,5479,MG,0,ACTUAL
4/11/2014,5479,MG,8,ACTUAL
4/12/2014,5479,MG,0,ACTUAL
4/13/2014,5479,MG,8,ACTUAL
4/14/2014,5479,MG,0,ACTUAL
4/15/2014,5479,MG,8,ACTUAL
4/16/2014,5479,MG,0,ACTUAL
4/17/2014,5479,MG,0,ACTUAL
4/18/2014,5479,MG,7,ACTUAL
4/19/2014,5479,MG,0,ACTUAL
4/20/2014,5479,MG,8,ACTUAL
4/21/2014,5479,MG,0,ACTUAL
4/22/2014,5479,MG,9,ACTUAL
4/23/2014,5479,MG,0,ACTUAL
4/24/2014,5479,MG,0,ACTUAL
4/25/2014,5479,MG,1,ACTUAL
4/26/2014,5479,MG,0,ACTUAL
4/27/2014,5479,MG,3,ACTUAL
4/28/2014,5479,MG,0,ACTUAL
4/29/2014,5479,MG,4,ACTUAL
4/30/2014,5479,MG,0,ACTUAL
5/1/2014,5479,MG,10,ACTUAL
5/2/2014,5479,MG,0,ACTUAL
5/3/2014,5479,MG,0,ACTUAL
5/4/2014,5479,MG,0,ACTUAL
5/5/2014,5479,MG,0,ACTUAL
5/6/2014,5479,MG,0,ACTUAL
5/7/2014,5479,MG,0,ACTUAL
5/8/2014,5479,MG,13,ACTUAL
5/9/2014,5479,MG,7,ACTUAL
5/10/2014,5479,MG,8,ACTUAL
5/11/2014,5479,MG,0,ACTUAL
5/12/2014,5479,MG,4,ACTUAL
5/13/2014,5479,MG,10,ACTUAL
5/14/2014,5479,MG,0,ACTUAL
5/15/2014,5479,MG,0,ACTUAL
5/16/2014,5479,MG,0,ACTUAL
5/17/2014,5479,MG,0,ACTUAL
5/18/2014,5479,MG,8,ACTUAL
5/19/2014,5479,MG,0,ACTUAL
5/20/2014,5479,MG,8,ACTUAL
5/21/2014,5479,MG,0,ACTUAL
5/22/2014,5479,MG,0,ACTUAL
5/23/2014,5479,MG,7,ACTUAL
5/24/2014,5479,MG,0,ACTUAL
5/25/2014,5479,MG,10,ACTUAL
5/26/2014,5479,MG,0,ACTUAL
5/27/2014,5479,MG,13,ACTUAL
5/28/2014,5479,MG,0,ACTUAL
5/29/2014,5479,MG,0,ACTUAL
5/30/2014,5479,MG,4,ACTUAL
5/31/2014,5479,MG,0,ACTUAL
6/1/2014,5479,MG,0,ACTUAL
6/2/2014,5479,MG,0,ACTUAL
6/3/2014,5479,MG,0,ACTUAL
6/4/2014,5479,MG,8,ACTUAL
6/5/2014,5479,MG,13,ACTUAL
6/6/2014,5479,MG,3,ACTUAL
6/7/2014,5479,MG,8,ACTUAL
6/8/2014,5479,MG,0,ACTUAL
6/9/2014,5479,MG,0,ACTUAL
6/10/2014,5479,MG,0,ACTUAL
6/11/2014,5479,MG,0,ACTUAL
6/12/2014,5479,MG,0,ACTUAL
6/13/2014,5479,MG,7,ACTUAL
6/14/2014,5479,MG,0,ACTUAL
6/15/2014,5479,MG,4,ACTUAL
6/16/2014,5479,MG,0,ACTUAL
6/17/2014,5479,MG,13,ACTUAL
6/18/2014,5479,MG,0,ACTUAL
6/19/2014,5479,MG,0,ACTUAL
6/20/2014,5479,MG,3,ACTUAL
6/21/2014,5479,MG,0,ACTUAL
6/22/2014,5479,MG,4,ACTUAL
6/23/2014,5479,MG,0,ACTUAL
6/24/2014,5479,MG,13,ACTUAL
6/25/2014,5479,MG,0,ACTUAL
6/26/2014,5479,MG,0,ACTUAL
6/27/2014,5479,MG,7,ACTUAL
6/28/2014,5479,MG,0,ACTUAL
6/29/2014,5479,MG,8,ACTUAL
6/30/2014,5479,MG,0,ACTUAL
7/1/2014,5479,MG,7,ACTUAL
7/2/2014,5479,MG,7,ACTUAL
7/3/2014,5479,MG,4,ACTUAL
7/4/2014,5479,MG,0,ACTUAL
7/5/2014,5479,MG,0,ACTUAL
7/6/2014,5479,MG,0,ACTUAL
7/7/2014,5479,MG,0,ACTUAL
7/8/2014,5479,MG,0,ACTUAL
7/9/2014,5479,MG,3,ACTUAL
7/10/2014,5479,MG,13,ACTUAL
7/11/2014,5479,MG,7,ACTUAL
7/12/2014,5479,MG,8,ACTUAL
7/13/2014,5479,MG,0,ACTUAL
7/14/2014,5479,MG,0,ACTUAL
7/15/2014,5479,MG,8,ACTUAL
7/16/2014,5479,MG,0,ACTUAL
7/17/2014,5479,MG,0,ACTUAL
7/18/2014,5479,MG,7,ACTUAL
7/19/2014,5479,MG,0,ACTUAL
7/20/2014,5479,MG,4,ACTUAL
7/21/2014,5479,MG,0,ACTUAL
7/22/2014,5479,MG,8,ACTUAL
7/23/2014,5479,MG,0,ACTUAL
7/24/2014,5479,MG,0,ACTUAL
7/25/2014,5479,MG,3,ACTUAL
7/26/2014,5479,MG,0,ACTUAL
7/27/2014,5479,MG,3,ACTUAL
7/28/2014,5479,MG,0,ACTUAL
7/29/2014,5479,MG,9,ACTUAL
7/30/2014,5479,MG,0,ACTUAL
7/31/2014,5479,MG,0,ACTUAL
8/1/2014,5479,MG,0,ACTUAL
8/2/2014,5479,MG,0,ACTUAL
8/3/2014,5479,MG,0,ACTUAL
8/4/2014,5479,MG,8,ACTUAL
8/5/2014,5479,MG,0,ACTUAL
8/6/2014,5479,MG,8,ACTUAL
8/7/2014,5479,MG,8,ACTUAL
8/8/2014,5479,MG,3,ACTUAL
8/9/2014,5479,MG,0,ACTUAL
8/10/2014,5479,MG,0,ACTUAL
8/11/2014,5479,MG,0,ACTUAL
8/12/2014,5479,MG,0,ACTUAL
8/13/2014,5479,MG,0,ACTUAL
8/14/2014,5479,MG,0,ACTUAL
8/15/2014,5479,MG,2,ACTUAL
8/16/2014,5479,MG,0,ACTUAL
8/17/2014,5479,MG,8,ACTUAL
8/18/2014,5479,MG,0,ACTUAL
8/19/2014,5479,MG,8,ACTUAL
8/20/2014,5479,MG,0,ACTUAL
8/21/2014,5479,MG,0,ACTUAL
8/22/2014,5479,MG,7,ACTUAL
8/23/2014,5479,MG,0,ACTUAL
8/24/2014,5479,MG,3,ACTUAL
8/25/2014,5479,MG,0,ACTUAL
8/26/2014,5479,MG,13,ACTUAL
8/27/2014,5479,MG,0,ACTUAL
8/28/2014,5479,MG,0,ACTUAL
8/29/2014,5479,MG,2,ACTUAL
8/30/2014,5479,MG,0,ACTUAL
8/31/2014,5479,MG,8,ACTUAL
9/1/2014,5479,MG,0,ACTUAL
9/2/2014,5479,MG,8,ACTUAL
9/3/2014,5479,MG,8,ACTUAL
9/4/2014,5479,MG,0,ACTUAL
9/5/2014,5479,MG,7,ACTUAL
9/6/2014,5479,MG,0,ACTUAL
9/7/2014,5479,MG,0,ACTUAL
9/8/2014,5479,MG,0,ACTUAL
9/9/2014,5479,MG,7,ACTUAL
9/10/2014,5479,MG,0,ACTUAL
9/11/2014,5479,MG,0,ACTUAL
9/12/2014,5479,MG,8,ACTUAL
9/13/2014,5479,MG,0,ACTUAL
9/14/2014,5479,MG,8,ACTUAL
9/15/2014,5479,MG,0,ACTUAL
9/16/2014,5479,MG,8,ACTUAL
9/17/2014,5479,MG,0,ACTUAL
9/18/2014,5479,MG,0,ACTUAL
9/19/2014,5479,MG,4,ACTUAL
9/20/2014,5479,MG,0,ACTUAL
9/21/2014,5479,MG,4,ACTUAL
9/22/2014,5479,MG,0,ACTUAL
9/23/2014,5479,MG,9,ACTUAL
9/24/2014,5479,MG,0,ACTUAL
9/25/2014,5479,MG,0,ACTUAL
9/26/2014,5479,MG,2,ACTUAL
9/27/2014,5479,MG,0,ACTUAL
9/28/2014,5479,MG,8,ACTUAL
9/29/2014,5479,MG,0,ACTUAL
9/30/2014,5479,MG,9,ACTUAL
10/1/2014,5479,MG,3,ACTUAL
10/2/2014,5479,MG,0,ACTUAL
10/3/2014,5479,MG,0,ACTUAL
10/4/2014,5479,MG,0,ACTUAL
10/5/2014,5479,MG,0,ACTUAL
10/6/2014,5479,MG,3,ACTUAL
10/7/2014,5479,MG,0,ACTUAL
10/8/2014,5479,MG,8,ACTUAL
10/9/2014,5479,MG,0,ACTUAL
10/10/2014,5479,MG,7,ACTUAL
10/11/2014,5479,MG,0,ACTUAL
10/12/2014,5479,MG,0,ACTUAL
10/13/2014,5479,MG,0,ACTUAL
10/14/2014,5479,MG,13,ACTUAL
10/15/2014,5479,MG,0,ACTUAL
10/16/2014,5479,MG,0,ACTUAL
10/17/2014,5479,MG,7,ACTUAL
10/18/2014,5479,MG,0,ACTUAL
10/19/2014,5479,MG,8,ACTUAL
10/20/2014,5479,MG,0,ACTUAL
10/21/2014,5479,MG,8,ACTUAL
10/22/2014,5479,MG,0,ACTUAL
10/23/2014,5479,MG,0,ACTUAL
10/24/2014,5479,MG,7,ACTUAL
10/25/2014,5479,MG,0,ACTUAL
10/26/2014,5479,MG,9,ACTUAL
10/27/2014,5479,MG,0,ACTUAL
10/28/2014,5479,MG,13,ACTUAL
10/29/2014,5479,MG,0,ACTUAL
10/30/2014,5479,MG,0,ACTUAL
10/31/2014,5479,MG,7,ACTUAL
11/1/2014,5479,MG,0,ACTUAL
11/2/2014,5479,MG,13,ACTUAL
11/3/2014,5479,MG,13,ACTUAL
11/4/2014,5479,MG,3,ACTUAL
11/5/2014,5479,MG,8,ACTUAL
11/6/2014,5479,MG,0,ACTUAL
11/7/2014,5479,MG,7,ACTUAL
11/8/2014,5479,MG,0,ACTUAL
11/9/2014,5479,MG,0,ACTUAL
11/10/2014,5479,MG,0,ACTUAL
11/11/2014,5479,MG,13,ACTUAL
11/12/2014,5479,MG,0,ACTUAL
11/13/2014,5479,MG,0,ACTUAL
11/14/2014,5479,MG,7,ACTUAL
11/15/2014,5479,MG,0,ACTUAL
11/16/2014,5479,MG,8,ACTUAL
11/17/2014,5479,MG,0,ACTUAL
11/18/2014,5479,MG,9,ACTUAL
11/19/2014,5479,MG,0,ACTUAL
11/20/2014,5479,MG,0,ACTUAL
11/21/2014,5479,MG,7,ACTUAL
11/22/2014,5479,MG,0,ACTUAL
11/23/2014,5479,MG,6,ACTUAL
11/24/2014,5479,MG,0,ACTUAL
11/25/2014,5479,MG,13,ACTUAL
11/26/2014,5479,MG,0,ACTUAL
11/27/2014,5479,MG,0,ACTUAL
11/28/2014,5479,MG,7,ACTUAL
11/29/2014,5479,MG,0,ACTUAL
11/30/2014,5479,MG,7,ACTUAL
12/1/2014,5479,MG,8,ACTUAL
12/2/2014,5479,MG,0,ACTUAL
12/3/2014,5479,MG,0,ACTUAL
12/4/2014,5479,MG,0,ACTUAL
12/5/2014,5479,MG,0,ACTUAL
12/6/2014,5479,MG,0,ACTUAL
12/7/2014,5479,MG,0,ACTUAL
12/8/2014,5479,MG,13,ACTUAL
12/9/2014,5479,MG,3,ACTUAL
12/10/2014,5479,MG,8,ACTUAL
12/11/2014,5479,MG,0,ACTUAL
12/12/2014,5479,MG,4,ACTUAL
12/13/2014,5479,MG,0,ACTUAL
12/14/2014,5479,MG,10,ACTUAL
12/15/2014,5479,MG,0,ACTUAL
12/16/2014,5479,MG,7,ACTUAL
12/17/2014,5479,MG,0,ACTUAL
12/18/2014,5479,MG,0,ACTUAL
12/19/2014,5479,MG,7,ACTUAL
12/20/2014,5479,MG,0,ACTUAL
12/21/2014,5479,MG,5,ACTUAL
12/22/2014,5479,MG,0,ACTUAL
12/23/2014,5479,MG,8,ACTUAL
12/24/2014,5479,MG,0,ACTUAL
12/25/2014,5479,MG,0,ACTUAL
12/26/2014,5479,MG,4,ACTUAL
12/27/2014,5479,MG,0,ACTUAL
12/28/2014,5479,MG,5,ACTUAL
12/29/2014,5479,MG,0,ACTUAL
12/30/2014,5479,MG,5,ACTUAL
12/31/2014,5479,MG,0,ACTUAL
1/1/2015,5479,MG,0,ACTUAL
1/2/2015,5479,MG,8,ACTUAL
1/3/2015,5479,MG,10,ACTUAL
1/4/2015,5479,MG,0,ACTUAL
1/5/2015,5479,MG,1,ACTUAL
1/6/2015,5479,MG,0,ACTUAL
1/7/2015,5479,MG,0,ACTUAL
1/8/2015,5479,MG,0,ACTUAL
1/9/2015,5479,MG,5,ACTUAL
1/10/2015,5479,MG,0,ACTUAL
1/11/2015,5479,MG,10,ACTUAL
1/12/2015,5479,MG,13,ACTUAL
1/13/2015,5479,MG,5,ACTUAL
1/14/2015,5479,MG,0,ACTUAL
1/15/2015,5479,MG,0,ACTUAL
1/16/2015,5479,MG,7,ACTUAL
1/17/2015,5479,MG,0,ACTUAL
1/18/2015,5479,MG,9,ACTUAL
1/19/2015,5479,MG,0,ACTUAL
1/20/2015,5479,MG,8,ACTUAL
1/21/2015,5479,MG,0,ACTUAL
1/22/2015,5479,MG,0,ACTUAL
1/23/2015,5479,MG,1,ACTUAL
1/24/2015,5479,MG,0,ACTUAL
1/25/2015,5479,MG,10,ACTUAL
1/26/2015,5479,MG,0,ACTUAL
1/27/2015,5479,MG,8,ACTUAL
1/28/2015,5479,MG,0,ACTUAL
1/29/2015,5479,MG,0,ACTUAL
1/30/2015,5479,MG,3,ACTUAL
1/31/2015,5479,MG,0,ACTUAL
2/1/2015,5479,MG,1,ACTUAL
2/2/2015,5479,MG,0,ACTUAL
2/3/2015,5479,MG,0,ACTUAL
2/4/2015,5479,MG,0,ACTUAL
2/5/2015,5479,MG,0,ACTUAL
2/6/2015,5479,MG,13,ACTUAL
2/7/2015,5479,MG,0,ACTUAL
2/8/2015,5479,MG,6,ACTUAL
2/9/2015,5479,MG,0,ACTUAL
2/10/2015,5479,MG,0,ACTUAL
2/11/2015,5479,MG,0,ACTUAL
2/12/2015,5479,MG,0,ACTUAL
2/13/2015,5479,MG,1,ACTUAL
2/14/2015,5479,MG,0,ACTUAL
2/15/2015,5479,MG,6,ACTUAL
2/16/2015,5479,MG,0,ACTUAL
2/17/2015,5479,MG,8,ACTUAL
2/18/2015,5479,MG,0,ACTUAL
2/19/2015,5479,MG,0,ACTUAL
2/20/2015,5479,MG,0,ACTUAL
2/21/2015,5479,MG,0,ACTUAL
2/22/2015,5479,MG,9,ACTUAL
2/23/2015,5479,MG,0,ACTUAL
2/24/2015,5479,MG,5,ACTUAL
2/25/2015,5479,MG,0,ACTUAL
2/26/2015,5479,MG,0,ACTUAL
2/27/2015,5479,MG,4,ACTUAL
2/28/2015,5479,MG,0,ACTUAL
3/1/2015,5479,MG,0,ACTUAL
3/2/2015,5479,MG,13,ACTUAL
3/3/2015,5479,MG,6,ACTUAL
3/4/2015,5479,MG,4,ACTUAL
3/5/2015,5479,MG,10,ACTUAL
3/6/2015,5479,MG,0,ACTUAL
3/7/2015,5479,MG,0,ACTUAL
3/8/2015,5479,MG,0,ACTUAL
3/9/2015,5479,MG,0,ACTUAL
3/10/2015,5479,MG,0,ACTUAL
3/11/2015,5479,MG,7,ACTUAL
3/12/2015,5479,MG,0,ACTUAL
3/13/2015,5479,MG,7,ACTUAL
3/14/2015,5479,MG,0,ACTUAL
3/15/2015,5479,MG,10,ACTUAL
3/16/2015,5479,MG,0,ACTUAL
3/17/2015,5479,MG,4,ACTUAL
3/18/2015,5479,MG,0,ACTUAL
3/19/2015,5479,MG,0,ACTUAL
3/20/2015,5479,MG,4,ACTUAL
3/21/2015,5479,MG,0,ACTUAL
3/22/2015,5479,MG,6,ACTUAL
3/23/2015,5479,MG,0,ACTUAL
3/24/2015,5479,MG,7,ACTUAL
3/25/2015,5479,MG,0,ACTUAL
3/26/2015,5479,MG,0,ACTUAL
3/27/2015,5479,MG,3,ACTUAL
3/28/2015,5479,MG,0,ACTUAL
3/29/2015,5479,MG,4,ACTUAL
3/30/2015,5479,MG,0,ACTUAL
3/31/2015,5479,MG,13,ACTUAL
4/1/2015,5479,MG,8,ACTUAL
4/2/2015,5479,MG,0,ACTUAL
4/3/2015,5479,MG,0,ACTUAL
4/4/2015,5479,MG,0,ACTUAL
4/5/2015,5479,MG,0,ACTUAL
4/6/2015,5479,MG,0,ACTUAL
4/7/2015,5479,MG,0,ACTUAL
4/8/2015,5479,MG,5,ACTUAL
4/9/2015,5479,MG,4,ACTUAL
4/10/2015,5479,MG,6,ACTUAL
4/11/2015,5479,MG,0,ACTUAL
4/12/2015,5479,MG,0,ACTUAL
4/13/2015,5479,MG,0,ACTUAL
4/14/2015,5479,MG,6,ACTUAL
4/15/2015,5479,MG,0,ACTUAL
4/16/2015,5479,MG,0,ACTUAL
4/17/2015,5479,MG,4,ACTUAL
4/18/2015,5479,MG,0,ACTUAL
4/19/2015,5479,MG,10,ACTUAL
4/20/2015,5479,MG,0,ACTUAL
4/21/2015,5479,MG,5,ACTUAL
4/22/2015,5479,MG,0,ACTUAL
4/23/2015,5479,MG,0,ACTUAL
4/24/2015,5479,MG,3,ACTUAL
4/25/2015,5479,MG,0,ACTUAL
4/26/2015,5479,MG,7,ACTUAL
4/27/2015,5479,MG,0,ACTUAL
4/28/2015,5479,MG,5,ACTUAL
4/29/2015,5479,MG,0,ACTUAL
4/30/2015,5479,MG,0,ACTUAL
5/1/2015,5479,MG,0,ACTUAL
5/2/2015,5479,MG,0,ACTUAL
5/3/2015,5479,MG,0,ACTUAL
5/4/2015,5479,MG,9,ACTUAL
5/5/2015,5479,MG,13,ACTUAL
5/6/2015,5479,MG,4,ACTUAL
5/7/2015,5479,MG,2,ACTUAL
5/8/2015,5479,MG,0,ACTUAL
5/9/2015,5479,MG,0,ACTUAL
5/10/2015,5479,MG,0,ACTUAL
5/11/2015,5479,MG,0,ACTUAL
5/12/2015,5479,MG,0,ACTUAL
5/13/2015,5479,MG,0,ACTUAL
5/14/2015,5479,MG,0,ACTUAL
5/15/2015,5479,MG,4,ACTUAL
5/16/2015,5479,MG,0,ACTUAL
5/17/2015,5479,MG,7,ACTUAL
5/18/2015,5479,MG,0,ACTUAL
5/19/2015,5479,MG,9,ACTUAL
5/20/2015,5479,MG,0,ACTUAL
5/21/2015,5479,MG,0,ACTUAL
5/22/2015,5479,MG,0,ACTUAL
5/23/2015,5479,MG,0,ACTUAL
5/24/2015,5479,MG,8,ACTUAL
5/25/2015,5479,MG,0,ACTUAL
5/26/2015,5479,MG,5,ACTUAL
5/27/2015,5479,MG,0,ACTUAL
5/28/2015,5479,MG,0,ACTUAL
5/29/2015,5479,MG,7,ACTUAL
5/30/2015,5479,MG,0,ACTUAL
5/31/2015,5479,MG,1,ACTUAL
6/1/2015,5479,MG,13,ACTUAL
6/2/2015,5479,MG,7,ACTUAL
6/3/2015,5479,MG,7,ACTUAL
6/4/2015,5479,MG,0,ACTUAL
6/5/2015,5479,MG,0,ACTUAL
6/6/2015,5479,MG,0,ACTUAL
6/7/2015,5479,MG,0,ACTUAL
6/8/2015,5479,MG,0,ACTUAL
6/9/2015,5479,MG,7,ACTUAL
6/10/2015,5479,MG,5,ACTUAL
6/11/2015,5479,MG,0,ACTUAL
6/12/2015,5479,MG,8,ACTUAL
6/13/2015,5479,MG,0,ACTUAL
6/14/2015,5479,MG,4,ACTUAL
6/15/2015,5479,MG,0,ACTUAL
6/16/2015,5479,MG,7,ACTUAL
6/17/2015,5479,MG,0,ACTUAL
6/18/2015,5479,MG,0,ACTUAL
6/19/2015,5479,MG,3,ACTUAL
6/20/2015,5479,MG,0,ACTUAL
6/21/2015,5479,MG,8,ACTUAL
6/22/2015,5479,MG,0,ACTUAL
6/23/2015,5479,MG,13,ACTUAL
6/24/2015,5479,MG,0,ACTUAL
6/25/2015,5479,MG,0,ACTUAL
6/26/2015,5479,MG,0,ACTUAL
6/27/2015,5479,MG,0,ACTUAL
6/28/2015,5479,MG,8,ACTUAL
6/29/2015,5479,MG,0,ACTUAL
6/30/2015,5479,MG,4,ACTUAL
7/1/2015,5479,MG,0,ACTUAL
7/2/2015,5479,MG,0,ACTUAL
7/3/2015,5479,MG,0,ACTUAL
7/4/2015,5479,MG,9,ACTUAL
7/5/2015,5479,MG,0,ACTUAL
7/6/2015,5479,MG,3,ACTUAL
7/7/2015,5479,MG,13,ACTUAL
7/8/2015,5479,MG,0,ACTUAL
7/9/2015,5479,MG,0,ACTUAL
7/10/2015,5479,MG,0,ACTUAL
7/11/2015,5479,MG,0,ACTUAL
7/12/2015,5479,MG,0,ACTUAL
7/13/2015,5479,MG,0,ACTUAL
7/14/2015,5479,MG,6,ACTUAL
7/15/2015,5479,MG,0,ACTUAL
7/16/2015,5479,MG,0,ACTUAL
7/17/2015,5479,MG,2,ACTUAL
7/18/2015,5479,MG,0,ACTUAL
7/19/2015,5479,MG,7,ACTUAL
7/20/2015,5479,MG,0,ACTUAL
7/21/2015,5479,MG,8,ACTUAL
7/22/2015,5479,MG,0,ACTUAL
7/23/2015,5479,MG,0,ACTUAL
7/24/2015,5479,MG,3,ACTUAL
7/25/2015,5479,MG,0,ACTUAL
7/26/2015,5479,MG,9,ACTUAL
7/27/2015,5479,MG,0,ACTUAL
7/28/2015,5479,MG,8,ACTUAL
7/29/2015,5479,MG,0,ACTUAL
7/30/2015,5479,MG,0,ACTUAL
7/31/2015,5479,MG,3,ACTUAL
8/1/2015,5479,MG,0,ACTUAL
8/2/2015,5479,MG,10,ACTUAL
8/3/2015,5479,MG,9,ACTUAL
8/4/2015,5479,MG,0,ACTUAL
8/5/2015,5479,MG,0,ACTUAL
8/6/2015,5479,MG,0,ACTUAL
8/7/2015,5479,MG,0,ACTUAL
8/8/2015,5479,MG,0,ACTUAL
8/9/2015,5479,MG,13,ACTUAL
8/10/2015,5479,MG,0,ACTUAL
8/11/2015,5479,MG,3,ACTUAL
8/12/2015,5479,MG,7,ACTUAL
8/13/2015,5479,MG,0,ACTUAL
8/14/2015,5479,MG,7,ACTUAL
8/15/2015,5479,MG,0,ACTUAL
8/16/2015,5479,MG,4,ACTUAL
8/17/2015,5479,MG,0,ACTUAL
8/18/2015,5479,MG,5,ACTUAL
8/19/2015,5479,MG,0,ACTUAL
8/20/2015,5479,MG,0,ACTUAL
8/21/2015,5479,MG,3,ACTUAL
8/22/2015,5479,MG,0,ACTUAL
8/23/2015,5479,MG,8,ACTUAL
8/24/2015,5479,MG,0,ACTUAL
8/25/2015,5479,MG,5,ACTUAL
8/26/2015,5479,MG,0,ACTUAL
8/27/2015,5479,MG,0,ACTUAL
8/28/2015,5479,MG,3,ACTUAL
8/29/2015,5479,MG,0,ACTUAL
8/30/2015,5479,MG,6,ACTUAL
8/31/2015,5479,MG,0,ACTUAL
9/1/2015,5479,MG,4,ACTUAL
9/2/2015,5479,MG,0,ACTUAL
9/3/2015,5479,MG,0,ACTUAL
9/4/2015,5479,MG,0,ACTUAL
9/5/2015,5479,MG,0,ACTUAL
9/6/2015,5479,MG,6,ACTUAL
9/7/2015,5479,MG,0,ACTUAL
9/8/2015,5479,MG,5,ACTUAL
9/9/2015,5479,MG,0,ACTUAL
9/10/2015,5479,MG,0,ACTUAL
9/11/2015,5479,MG,0,ACTUAL
9/12/2015,5479,MG,0,ACTUAL
9/13/2015,5479,MG,7,ACTUAL
9/14/2015,5479,MG,0,ACTUAL
9/15/2015,5479,MG,8,ACTUAL
9/16/2015,5479,MG,0,ACTUAL
9/17/2015,5479,MG,0,ACTUAL
9/18/2015,5479,MG,7,ACTUAL
9/19/2015,5479,MG,0,ACTUAL
9/20/2015,5479,MG,9,ACTUAL
9/21/2015,5479,MG,0,ACTUAL
9/22/2015,5479,MG,6,ACTUAL
9/23/2015,5479,MG,0,ACTUAL
9/24/2015,5479,MG,0,ACTUAL
9/25/2015,5479,MG,0,ACTUAL
9/26/2015,5479,MG,0,ACTUAL
9/27/2015,5479,MG,4,ACTUAL
9/28/2015,5479,MG,0,ACTUAL
9/29/2015,5479,MG,13,ACTUAL
9/30/2015,5479,MG,0,ACTUAL
10/1/2015,5479,MG,0,ACTUAL
10/2/2015,5479,MG,5,ACTUAL
10/3/2015,5479,MG,6,ACTUAL
10/4/2015,5479,MG,0,ACTUAL
10/5/2015,5479,MG,8,ACTUAL
10/6/2015,5479,MG,0,ACTUAL
10/7/2015,5479,MG,0,ACTUAL
10/8/2015,5479,MG,0,ACTUAL
10/9/2015,5479,MG,0,ACTUAL
10/10/2015,5479,MG,0,ACTUAL
10/11/2015,5479,MG,8,ACTUAL
10/12/2015,5479,MG,0,ACTUAL
10/13/2015,5479,MG,7,ACTUAL
10/14/2015,5479,MG,0,ACTUAL
10/15/2015,5479,MG,0,ACTUAL
10/16/2015,5479,MG,0,ACTUAL
10/17/2015,5479,MG,0,ACTUAL
10/18/2015,5479,MG,8,ACTUAL
10/19/2015,5479,MG,0,ACTUAL
10/20/2015,5479,MG,4,ACTUAL
10/21/2015,5479,MG,0,ACTUAL
10/22/2015,5479,MG,0,ACTUAL
10/23/2015,5479,MG,7,ACTUAL
10/24/2015,5479,MG,0,ACTUAL
10/25/2015,5479,MG,3,ACTUAL
10/26/2015,5479,MG,0,ACTUAL
10/27/2015,5479,MG,8,ACTUAL
10/28/2015,5479,MG,0,ACTUAL
10/29/2015,5479,MG,0,ACTUAL
10/30/2015,5479,MG,0,ACTUAL
10/31/2015,5479,MG,0,ACTUAL
11/1/2015,5479,MG,10,ACTUAL
11/2/2015,5479,MG,0,ACTUAL
11/3/2015,5479,MG,0,ACTUAL
11/4/2015,5479,MG,0,ACTUAL
11/5/2015,5479,MG,0,ACTUAL
11/6/2015,5479,MG,0,ACTUAL
11/7/2015,5479,MG,0,ACTUAL
11/8/2015,5479,MG,6,ACTUAL
11/9/2015,5479,MG,0,ACTUAL
11/10/2015,5479,MG,8,ACTUAL
11/11/2015,5479,MG,0,ACTUAL
11/12/2015,5479,MG,0,ACTUAL
11/13/2015,5479,MG,0,ACTUAL
11/14/2015,5479,MG,0,ACTUAL
11/15/2015,5479,MG,7,ACTUAL
11/16/2015,5479,MG,0,ACTUAL
11/17/2015,5479,MG,7,ACTUAL
11/18/2015,5479,MG,0,ACTUAL
11/19/2015,5479,MG,0,ACTUAL
11/20/2015,5479,MG,0,ACTUAL
11/21/2015,5479,MG,0,ACTUAL
11/22/2015,5479,MG,6,ACTUAL
11/23/2015,5479,MG,0,ACTUAL
11/24/2015,5479,MG,7,ACTUAL
11/25/2015,5479,MG,0,ACTUAL
11/26/2015,5479,MG,0,ACTUAL
11/27/2015,5479,MG,1,ACTUAL
11/28/2015,5479,MG,0,ACTUAL
11/29/2015,5479,MG,8,ACTUAL
11/30/2015,5479,MG,0,ACTUAL
12/1/2015,5479,MG,0,ACTUAL
12/2/2015,5479,MG,0,ACTUAL
12/3/2015,5479,MG,0,ACTUAL
12/4/2015,5479,MG,8,ACTUAL
12/5/2015,5479,MG,8,ACTUAL
12/6/2015,5479,MG,0,ACTUAL
12/7/2015,5479,MG,8,ACTUAL
12/8/2015,5479,MG,0,ACTUAL
12/9/2015,5479,MG,0,ACTUAL
12/10/2015,5479,MG,0,ACTUAL
12/11/2015,5479,MG,0,ACTUAL
12/12/2015,5479,MG,0,ACTUAL
12/13/2015,5479,MG,3,ACTUAL
12/14/2015,5479,MG,0,ACTUAL
12/15/2015,5479,MG,5,ACTUAL
12/16/2015,5479,MG,0,ACTUAL
12/17/2015,5479,MG,0,ACTUAL
12/18/2015,5479,MG,1,ACTUAL
12/19/2015,5479,MG,0,ACTUAL
12/20/2015,5479,MG,3,ACTUAL
12/21/2015,5479,MG,0,ACTUAL
12/22/2015,5479,MG,6,ACTUAL
12/23/2015,5479,MG,0,ACTUAL
12/24/2015,5479,MG,0,ACTUAL
12/25/2015,5479,MG,3,ACTUAL
12/26/2015,5479,MG,0,ACTUAL
12/27/2015,5479,MG,1,ACTUAL
12/28/2015,5479,MG,0,ACTUAL
12/29/2015,5479,MG,0,ACTUAL
12/30/2015,5479,MG,0,ACTUAL
12/31/2015,5479,MG,0,ACTUAL
1/1/2016,5479,MG,3,ACTUAL
1/2/2016,5479,MG,0,ACTUAL
1/3/2016,5479,MG,7,ACTUAL
1/4/2016,5479,MG,0,ACTUAL
1/5/2016,5479,MG,2,ACTUAL
1/6/2016,5479,MG,0,ACTUAL
1/7/2016,5479,MG,0,ACTUAL
1/8/2016,5479,MG,0,ACTUAL
1/9/2016,5479,MG,0,ACTUAL
1/10/2016,5479,MG,0,ACTUAL
1/11/2016,5479,MG,8,ACTUAL
1/12/2016,5479,MG,0,ACTUAL
1/13/2016,5479,MG,0,ACTUAL
1/14/2016,5479,MG,0,ACTUAL
1/4/2014,7655,MG,21,ACTUAL
1/5/2014,7655,MG,0,ACTUAL
1/6/2014,7655,MG,8,ACTUAL
1/7/2014,7655,MG,14,ACTUAL
1/8/2014,7655,MG,8,ACTUAL
1/9/2014,7655,MG,0,ACTUAL
1/10/2014,7655,MG,0,ACTUAL
1/11/2014,7655,MG,0,ACTUAL
1/12/2014,7655,MG,0,ACTUAL
1/13/2014,7655,MG,0,ACTUAL
1/14/2014,7655,MG,23,ACTUAL
1/15/2014,7655,MG,0,ACTUAL
1/16/2014,7655,MG,0,ACTUAL
1/17/2014,7655,MG,8,ACTUAL
1/18/2014,7655,MG,0,ACTUAL
1/19/2014,7655,MG,17,ACTUAL
1/20/2014,7655,MG,0,ACTUAL
1/21/2014,7655,MG,15,ACTUAL
1/22/2014,7655,MG,0,ACTUAL
1/23/2014,7655,MG,0,ACTUAL
1/24/2014,7655,MG,9,ACTUAL
1/25/2014,7655,MG,0,ACTUAL
1/26/2014,7655,MG,18,ACTUAL
1/27/2014,7655,MG,0,ACTUAL
1/28/2014,7655,MG,18,ACTUAL
1/29/2014,7655,MG,0,ACTUAL
1/30/2014,7655,MG,0,ACTUAL
1/31/2014,7655,MG,0,ACTUAL
2/1/2014,7655,MG,0,ACTUAL
2/2/2014,7655,MG,22,ACTUAL
2/3/2014,7655,MG,12,ACTUAL
2/4/2014,7655,MG,0,ACTUAL
2/5/2014,7655,MG,6,ACTUAL
2/6/2014,7655,MG,0,ACTUAL
2/7/2014,7655,MG,0,ACTUAL
2/8/2014,7655,MG,0,ACTUAL
2/9/2014,7655,MG,25,ACTUAL
2/10/2014,7655,MG,0,ACTUAL
2/11/2014,7655,MG,17,ACTUAL
2/12/2014,7655,MG,25,ACTUAL
2/13/2014,7655,MG,0,ACTUAL
2/14/2014,7655,MG,10,ACTUAL
2/15/2014,7655,MG,0,ACTUAL
2/16/2014,7655,MG,18,ACTUAL
2/17/2014,7655,MG,0,ACTUAL
2/18/2014,7655,MG,16,ACTUAL
2/19/2014,7655,MG,0,ACTUAL
2/20/2014,7655,MG,0,ACTUAL
2/21/2014,7655,MG,5,ACTUAL
2/22/2014,7655,MG,0,ACTUAL
2/23/2014,7655,MG,19,ACTUAL
2/24/2014,7655,MG,0,ACTUAL
2/25/2014,7655,MG,21,ACTUAL
2/26/2014,7655,MG,0,ACTUAL
2/27/2014,7655,MG,0,ACTUAL
2/28/2014,7655,MG,10,ACTUAL
3/1/2014,7655,MG,11,ACTUAL
3/2/2014,7655,MG,0,ACTUAL
3/3/2014,7655,MG,0,ACTUAL
3/4/2014,7655,MG,0,ACTUAL
3/5/2014,7655,MG,0,ACTUAL
3/6/2014,7655,MG,16,ACTUAL
3/7/2014,7655,MG,0,ACTUAL
3/8/2014,7655,MG,18,ACTUAL
3/9/2014,7655,MG,0,ACTUAL
3/10/2014,7655,MG,15,ACTUAL
3/11/2014,7655,MG,0,ACTUAL
3/12/2014,7655,MG,0,ACTUAL
3/13/2014,7655,MG,0,ACTUAL
3/14/2014,7655,MG,5,ACTUAL
3/15/2014,7655,MG,0,ACTUAL
3/16/2014,7655,MG,22,ACTUAL
3/17/2014,7655,MG,0,ACTUAL
3/18/2014,7655,MG,10,ACTUAL
3/19/2014,7655,MG,0,ACTUAL
3/20/2014,7655,MG,0,ACTUAL
3/21/2014,7655,MG,9,ACTUAL
3/22/2014,7655,MG,0,ACTUAL
3/23/2014,7655,MG,22,ACTUAL
3/24/2014,7655,MG,0,ACTUAL
3/25/2014,7655,MG,17,ACTUAL
3/26/2014,7655,MG,0,ACTUAL
3/27/2014,7655,MG,0,ACTUAL
3/28/2014,7655,MG,9,ACTUAL
3/29/2014,7655,MG,0,ACTUAL
3/30/2014,7655,MG,14,ACTUAL
3/31/2014,7655,MG,0,ACTUAL
4/1/2014,7655,MG,0,ACTUAL
4/2/2014,7655,MG,23,ACTUAL
4/3/2014,7655,MG,18,ACTUAL
4/4/2014,7655,MG,8,ACTUAL
4/5/2014,7655,MG,14,ACTUAL
4/6/2014,7655,MG,0,ACTUAL
4/7/2014,7655,MG,3,ACTUAL
4/8/2014,7655,MG,0,ACTUAL
4/9/2014,7655,MG,0,ACTUAL
4/10/2014,7655,MG,0,ACTUAL
4/11/2014,7655,MG,25,ACTUAL
4/12/2014,7655,MG,0,ACTUAL
4/13/2014,7655,MG,13,ACTUAL
4/14/2014,7655,MG,0,ACTUAL
4/15/2014,7655,MG,13,ACTUAL
4/16/2014,7655,MG,0,ACTUAL
4/17/2014,7655,MG,0,ACTUAL
4/18/2014,7655,MG,13,ACTUAL
4/19/2014,7655,MG,0,ACTUAL
4/20/2014,7655,MG,12,ACTUAL
4/21/2014,7655,MG,0,ACTUAL
4/22/2014,7655,MG,20,ACTUAL
4/23/2014,7655,MG,0,ACTUAL
4/24/2014,7655,MG,0,ACTUAL
4/25/2014,7655,MG,8,ACTUAL
4/26/2014,7655,MG,0,ACTUAL
4/27/2014,7655,MG,22,ACTUAL
4/28/2014,7655,MG,0,ACTUAL
4/29/2014,7655,MG,22,ACTUAL
4/30/2014,7655,MG,0,ACTUAL
5/1/2014,7655,MG,21,ACTUAL
5/2/2014,7655,MG,0,ACTUAL
5/3/2014,7655,MG,0,ACTUAL
5/4/2014,7655,MG,0,ACTUAL
5/5/2014,7655,MG,0,ACTUAL
5/6/2014,7655,MG,0,ACTUAL
5/7/2014,7655,MG,0,ACTUAL
5/8/2014,7655,MG,25,ACTUAL
5/9/2014,7655,MG,3,ACTUAL
5/10/2014,7655,MG,22,ACTUAL
5/11/2014,7655,MG,0,ACTUAL
5/12/2014,7655,MG,7,ACTUAL
5/13/2014,7655,MG,27,ACTUAL
5/14/2014,7655,MG,0,ACTUAL
5/15/2014,7655,MG,0,ACTUAL
5/16/2014,7655,MG,0,ACTUAL
5/17/2014,7655,MG,0,ACTUAL
5/18/2014,7655,MG,14,ACTUAL
5/19/2014,7655,MG,0,ACTUAL
5/20/2014,7655,MG,14,ACTUAL
5/21/2014,7655,MG,0,ACTUAL
5/22/2014,7655,MG,0,ACTUAL
5/23/2014,7655,MG,12,ACTUAL
5/24/2014,7655,MG,0,ACTUAL
5/25/2014,7655,MG,10,ACTUAL
5/26/2014,7655,MG,0,ACTUAL
5/27/2014,7655,MG,18,ACTUAL
5/28/2014,7655,MG,0,ACTUAL
5/29/2014,7655,MG,0,ACTUAL
5/30/2014,7655,MG,9,ACTUAL
5/31/2014,7655,MG,0,ACTUAL
6/1/2014,7655,MG,0,ACTUAL
6/2/2014,7655,MG,0,ACTUAL
6/3/2014,7655,MG,0,ACTUAL
6/4/2014,7655,MG,12,ACTUAL
6/5/2014,7655,MG,18,ACTUAL
6/6/2014,7655,MG,3,ACTUAL
6/7/2014,7655,MG,14,ACTUAL
6/8/2014,7655,MG,0,ACTUAL
6/9/2014,7655,MG,0,ACTUAL
6/10/2014,7655,MG,0,ACTUAL
6/11/2014,7655,MG,0,ACTUAL
6/12/2014,7655,MG,0,ACTUAL
6/13/2014,7655,MG,7,ACTUAL
6/14/2014,7655,MG,0,ACTUAL
6/15/2014,7655,MG,12,ACTUAL
6/16/2014,7655,MG,0,ACTUAL
6/17/2014,7655,MG,19,ACTUAL
6/18/2014,7655,MG,0,ACTUAL
6/19/2014,7655,MG,0,ACTUAL
6/20/2014,7655,MG,5,ACTUAL
6/21/2014,7655,MG,0,ACTUAL
6/22/2014,7655,MG,18,ACTUAL
6/23/2014,7655,MG,0,ACTUAL
6/24/2014,7655,MG,22,ACTUAL
6/25/2014,7655,MG,0,ACTUAL
6/26/2014,7655,MG,0,ACTUAL
6/27/2014,7655,MG,9,ACTUAL
6/28/2014,7655,MG,0,ACTUAL
6/29/2014,7655,MG,21,ACTUAL
6/30/2014,7655,MG,0,ACTUAL
7/1/2014,7655,MG,21,ACTUAL
7/2/2014,7655,MG,7,ACTUAL
7/3/2014,7655,MG,13,ACTUAL
7/4/2014,7655,MG,0,ACTUAL
7/5/2014,7655,MG,0,ACTUAL
7/6/2014,7655,MG,0,ACTUAL
7/7/2014,7655,MG,0,ACTUAL
7/8/2014,7655,MG,0,ACTUAL
7/9/2014,7655,MG,16,ACTUAL
7/10/2014,7655,MG,26,ACTUAL
7/11/2014,7655,MG,9,ACTUAL
7/12/2014,7655,MG,20,ACTUAL
7/13/2014,7655,MG,3,ACTUAL
7/14/2014,7655,MG,0,ACTUAL
7/15/2014,7655,MG,21,ACTUAL
7/16/2014,7655,MG,0,ACTUAL
7/17/2014,7655,MG,0,ACTUAL
7/18/2014,7655,MG,10,ACTUAL
7/19/2014,7655,MG,0,ACTUAL
7/20/2014,7655,MG,9,ACTUAL
7/21/2014,7655,MG,0,ACTUAL
7/22/2014,7655,MG,16,ACTUAL
7/23/2014,7655,MG,0,ACTUAL
7/24/2014,7655,MG,0,ACTUAL
7/25/2014,7655,MG,6,ACTUAL
7/26/2014,7655,MG,0,ACTUAL
7/27/2014,7655,MG,21,ACTUAL
7/28/2014,7655,MG,0,ACTUAL
7/29/2014,7655,MG,12,ACTUAL
7/30/2014,7655,MG,0,ACTUAL
7/31/2014,7655,MG,0,ACTUAL
8/1/2014,7655,MG,0,ACTUAL
8/2/2014,7655,MG,0,ACTUAL
8/3/2014,7655,MG,0,ACTUAL
8/4/2014,7655,MG,15,ACTUAL
8/5/2014,7655,MG,0,ACTUAL
8/6/2014,7655,MG,17,ACTUAL
8/7/2014,7655,MG,22,ACTUAL
8/8/2014,7655,MG,1,ACTUAL
8/9/2014,7655,MG,0,ACTUAL
8/10/2014,7655,MG,0,ACTUAL
8/11/2014,7655,MG,0,ACTUAL
8/12/2014,7655,MG,0,ACTUAL
8/13/2014,7655,MG,0,ACTUAL
8/14/2014,7655,MG,0,ACTUAL
8/15/2014,7655,MG,0,ACTUAL
8/16/2014,7655,MG,0,ACTUAL
8/17/2014,7655,MG,17,ACTUAL
8/18/2014,7655,MG,0,ACTUAL
8/19/2014,7655,MG,25,ACTUAL
8/20/2014,7655,MG,0,ACTUAL
8/21/2014,7655,MG,0,ACTUAL
8/22/2014,7655,MG,6,ACTUAL
8/23/2014,7655,MG,0,ACTUAL
8/24/2014,7655,MG,18,ACTUAL
8/25/2014,7655,MG,0,ACTUAL
8/26/2014,7655,MG,22,ACTUAL
8/27/2014,7655,MG,0,ACTUAL
8/28/2014,7655,MG,0,ACTUAL
8/29/2014,7655,MG,6,ACTUAL
8/30/2014,7655,MG,0,ACTUAL
8/31/2014,7655,MG,17,ACTUAL
9/1/2014,7655,MG,0,ACTUAL
9/2/2014,7655,MG,16,ACTUAL
9/3/2014,7655,MG,19,ACTUAL
9/4/2014,7655,MG,0,ACTUAL
9/5/2014,7655,MG,6,ACTUAL
9/6/2014,7655,MG,0,ACTUAL
9/7/2014,7655,MG,0,ACTUAL
9/8/2014,7655,MG,0,ACTUAL
9/9/2014,7655,MG,25,ACTUAL
9/10/2014,7655,MG,0,ACTUAL
9/11/2014,7655,MG,17,ACTUAL
9/12/2014,7655,MG,25,ACTUAL
9/13/2014,7655,MG,0,ACTUAL
9/14/2014,7655,MG,14,ACTUAL
9/15/2014,7655,MG,0,ACTUAL
9/16/2014,7655,MG,30,ACTUAL
9/17/2014,7655,MG,0,ACTUAL
9/18/2014,7655,MG,0,ACTUAL
9/19/2014,7655,MG,8,ACTUAL
9/20/2014,7655,MG,0,ACTUAL
9/21/2014,7655,MG,18,ACTUAL
9/22/2014,7655,MG,0,ACTUAL
9/23/2014,7655,MG,30,ACTUAL
9/24/2014,7655,MG,0,ACTUAL
9/25/2014,7655,MG,0,ACTUAL
9/26/2014,7655,MG,7,ACTUAL
9/27/2014,7655,MG,0,ACTUAL
9/28/2014,7655,MG,18,ACTUAL
9/29/2014,7655,MG,0,ACTUAL
9/30/2014,7655,MG,33,ACTUAL
10/1/2014,7655,MG,8,ACTUAL
10/2/2014,7655,MG,0,ACTUAL
10/3/2014,7655,MG,0,ACTUAL
10/4/2014,7655,MG,0,ACTUAL
10/5/2014,7655,MG,0,ACTUAL
10/6/2014,7655,MG,14,ACTUAL
10/7/2014,7655,MG,0,ACTUAL
10/8/2014,7655,MG,11,ACTUAL
10/9/2014,7655,MG,0,ACTUAL
10/10/2014,7655,MG,11,ACTUAL
10/11/2014,7655,MG,0,ACTUAL
10/12/2014,7655,MG,0,ACTUAL
10/13/2014,7655,MG,0,ACTUAL
10/14/2014,7655,MG,25,ACTUAL
10/15/2014,7655,MG,0,ACTUAL
10/16/2014,7655,MG,0,ACTUAL
10/17/2014,7655,MG,11,ACTUAL
10/18/2014,7655,MG,0,ACTUAL
10/19/2014,7655,MG,23,ACTUAL
10/20/2014,7655,MG,0,ACTUAL
10/21/2014,7655,MG,25,ACTUAL
10/22/2014,7655,MG,0,ACTUAL
10/23/2014,7655,MG,0,ACTUAL
10/24/2014,7655,MG,6,ACTUAL
10/25/2014,7655,MG,0,ACTUAL
10/26/2014,7655,MG,18,ACTUAL
10/27/2014,7655,MG,0,ACTUAL
10/28/2014,7655,MG,27,ACTUAL
10/29/2014,7655,MG,0,ACTUAL
10/30/2014,7655,MG,0,ACTUAL
10/31/2014,7655,MG,10,ACTUAL
11/1/2014,7655,MG,0,ACTUAL
11/2/2014,7655,MG,21,ACTUAL
11/3/2014,7655,MG,21,ACTUAL
11/4/2014,7655,MG,13,ACTUAL
11/5/2014,7655,MG,6,ACTUAL
11/6/2014,7655,MG,0,ACTUAL
11/7/2014,7655,MG,14,ACTUAL
11/8/2014,7655,MG,0,ACTUAL
11/9/2014,7655,MG,0,ACTUAL
11/10/2014,7655,MG,0,ACTUAL
11/11/2014,7655,MG,26,ACTUAL
11/12/2014,7655,MG,0,ACTUAL
11/13/2014,7655,MG,0,ACTUAL
11/14/2014,7655,MG,13,ACTUAL
11/15/2014,7655,MG,0,ACTUAL
11/16/2014,7655,MG,13,ACTUAL
11/17/2014,7655,MG,0,ACTUAL
11/18/2014,7655,MG,25,ACTUAL
11/19/2014,7655,MG,0,ACTUAL
11/20/2014,7655,MG,0,ACTUAL
11/21/2014,7655,MG,10,ACTUAL
11/22/2014,7655,MG,0,ACTUAL
11/23/2014,7655,MG,14,ACTUAL
11/24/2014,7655,MG,0,ACTUAL
11/25/2014,7655,MG,25,ACTUAL
11/26/2014,7655,MG,0,ACTUAL
11/27/2014,7655,MG,0,ACTUAL
11/28/2014,7655,MG,14,ACTUAL
11/29/2014,7655,MG,0,ACTUAL
11/30/2014,7655,MG,16,ACTUAL
12/1/2014,7655,MG,14,ACTUAL
12/2/2014,7655,MG,0,ACTUAL
12/3/2014,7655,MG,0,ACTUAL
12/4/2014,7655,MG,0,ACTUAL
12/5/2014,7655,MG,0,ACTUAL
12/6/2014,7655,MG,0,ACTUAL
12/7/2014,7655,MG,0,ACTUAL
12/8/2014,7655,MG,30,ACTUAL
12/9/2014,7655,MG,12,ACTUAL
12/10/2014,7655,MG,22,ACTUAL
12/11/2014,7655,MG,0,ACTUAL
12/12/2014,7655,MG,8,ACTUAL
12/13/2014,7655,MG,0,ACTUAL
12/14/2014,7655,MG,14,ACTUAL
12/15/2014,7655,MG,0,ACTUAL
12/16/2014,7655,MG,25,ACTUAL
12/17/2014,7655,MG,0,ACTUAL
12/18/2014,7655,MG,0,ACTUAL
12/19/2014,7655,MG,12,ACTUAL
12/20/2014,7655,MG,0,ACTUAL
12/21/2014,7655,MG,10,ACTUAL
12/22/2014,7655,MG,0,ACTUAL
12/23/2014,7655,MG,20,ACTUAL
12/24/2014,7655,MG,0,ACTUAL
12/25/2014,7655,MG,0,ACTUAL
12/26/2014,7655,MG,9,ACTUAL
12/27/2014,7655,MG,0,ACTUAL
12/28/2014,7655,MG,21,ACTUAL
12/29/2014,7655,MG,0,ACTUAL
12/30/2014,7655,MG,17,ACTUAL
12/31/2014,7655,MG,0,ACTUAL
1/1/2015,7655,MG,0,ACTUAL
1/2/2015,7655,MG,22,ACTUAL
1/3/2015,7655,MG,6,ACTUAL
1/4/2015,7655,MG,0,ACTUAL
1/5/2015,7655,MG,8,ACTUAL
1/6/2015,7655,MG,0,ACTUAL
1/7/2015,7655,MG,0,ACTUAL
1/8/2015,7655,MG,0,ACTUAL
1/9/2015,7655,MG,20,ACTUAL
1/10/2015,7655,MG,0,ACTUAL
1/11/2015,7655,MG,23,ACTUAL
1/12/2015,7655,MG,24,ACTUAL
1/13/2015,7655,MG,23,ACTUAL
1/14/2015,7655,MG,0,ACTUAL
1/15/2015,7655,MG,0,ACTUAL
1/16/2015,7655,MG,11,ACTUAL
1/17/2015,7655,MG,0,ACTUAL
1/18/2015,7655,MG,19,ACTUAL
1/19/2015,7655,MG,0,ACTUAL
1/20/2015,7655,MG,25,ACTUAL
1/21/2015,7655,MG,0,ACTUAL
1/22/2015,7655,MG,0,ACTUAL
1/23/2015,7655,MG,13,ACTUAL
1/24/2015,7655,MG,0,ACTUAL
1/25/2015,7655,MG,20,ACTUAL
1/26/2015,7655,MG,0,ACTUAL
1/27/2015,7655,MG,25,ACTUAL
1/28/2015,7655,MG,0,ACTUAL
1/29/2015,7655,MG,0,ACTUAL
1/30/2015,7655,MG,6,ACTUAL
1/31/2015,7655,MG,0,ACTUAL
2/1/2015,7655,MG,11,ACTUAL
2/2/2015,7655,MG,0,ACTUAL
2/3/2015,7655,MG,0,ACTUAL
2/4/2015,7655,MG,0,ACTUAL
2/5/2015,7655,MG,0,ACTUAL
2/6/2015,7655,MG,25,ACTUAL
2/7/2015,7655,MG,0,ACTUAL
2/8/2015,7655,MG,25,ACTUAL
2/9/2015,7655,MG,0,ACTUAL
2/10/2015,7655,MG,9,ACTUAL
2/11/2015,7655,MG,0,ACTUAL
2/12/2015,7655,MG,0,ACTUAL
2/13/2015,7655,MG,6,ACTUAL
2/14/2015,7655,MG,0,ACTUAL
2/15/2015,7655,MG,12,ACTUAL
2/16/2015,7655,MG,0,ACTUAL
2/17/2015,7655,MG,13,ACTUAL
2/18/2015,7655,MG,0,ACTUAL
2/19/2015,7655,MG,0,ACTUAL
2/20/2015,7655,MG,0,ACTUAL
2/21/2015,7655,MG,0,ACTUAL
2/22/2015,7655,MG,13,ACTUAL
2/23/2015,7655,MG,0,ACTUAL
2/24/2015,7655,MG,25,ACTUAL
2/25/2015,7655,MG,0,ACTUAL
2/26/2015,7655,MG,0,ACTUAL
2/27/2015,7655,MG,1,ACTUAL
2/28/2015,7655,MG,0,ACTUAL
3/1/2015,7655,MG,0,ACTUAL
3/2/2015,7655,MG,25,ACTUAL
3/3/2015,7655,MG,25,ACTUAL
3/4/2015,7655,MG,9,ACTUAL
3/5/2015,7655,MG,25,ACTUAL
3/6/2015,7655,MG,0,ACTUAL
3/7/2015,7655,MG,8,ACTUAL
3/8/2015,7655,MG,0,ACTUAL
3/9/2015,7655,MG,0,ACTUAL
3/10/2015,7655,MG,0,ACTUAL
3/11/2015,7655,MG,25,ACTUAL
3/12/2015,7655,MG,0,ACTUAL
3/13/2015,7655,MG,3,ACTUAL
3/14/2015,7655,MG,0,ACTUAL
3/15/2015,7655,MG,9,ACTUAL
3/16/2015,7655,MG,0,ACTUAL
3/17/2015,7655,MG,30,ACTUAL
3/18/2015,7655,MG,0,ACTUAL
3/19/2015,7655,MG,0,ACTUAL
3/20/2015,7655,MG,0,ACTUAL
3/21/2015,7655,MG,0,ACTUAL
3/22/2015,7655,MG,25,ACTUAL
3/23/2015,7655,MG,0,ACTUAL
3/24/2015,7655,MG,18,ACTUAL
3/25/2015,7655,MG,0,ACTUAL
3/26/2015,7655,MG,0,ACTUAL
3/27/2015,7655,MG,9,ACTUAL
3/28/2015,7655,MG,0,ACTUAL
3/29/2015,7655,MG,15,ACTUAL
3/30/2015,7655,MG,0,ACTUAL
3/31/2015,7655,MG,15,ACTUAL
4/1/2015,7655,MG,17,ACTUAL
4/2/2015,7655,MG,0,ACTUAL
4/3/2015,7655,MG,0,ACTUAL
4/4/2015,7655,MG,0,ACTUAL
4/5/2015,7655,MG,0,ACTUAL
4/6/2015,7655,MG,0,ACTUAL
4/7/2015,7655,MG,0,ACTUAL
4/8/2015,7655,MG,18,ACTUAL
4/9/2015,7655,MG,15,ACTUAL
4/10/2015,7655,MG,24,ACTUAL
4/11/2015,7655,MG,0,ACTUAL
4/12/2015,7655,MG,9,ACTUAL
4/13/2015,7655,MG,0,ACTUAL
4/14/2015,7655,MG,22,ACTUAL
4/15/2015,7655,MG,0,ACTUAL
4/16/2015,7655,MG,0,ACTUAL
4/17/2015,7655,MG,13,ACTUAL
4/18/2015,7655,MG,0,ACTUAL
4/19/2015,7655,MG,19,ACTUAL
4/20/2015,7655,MG,0,ACTUAL
4/21/2015,7655,MG,28,ACTUAL
4/22/2015,7655,MG,0,ACTUAL
4/23/2015,7655,MG,0,ACTUAL
4/24/2015,7655,MG,6,ACTUAL
4/25/2015,7655,MG,0,ACTUAL
4/26/2015,7655,MG,16,ACTUAL
4/27/2015,7655,MG,0,ACTUAL
4/28/2015,7655,MG,16,ACTUAL
4/29/2015,7655,MG,0,ACTUAL
4/30/2015,7655,MG,0,ACTUAL
5/1/2015,7655,MG,0,ACTUAL
5/2/2015,7655,MG,0,ACTUAL
5/3/2015,7655,MG,0,ACTUAL
5/4/2015,7655,MG,23,ACTUAL
5/5/2015,7655,MG,25,ACTUAL
5/6/2015,7655,MG,15,ACTUAL
5/7/2015,7655,MG,17,ACTUAL
5/8/2015,7655,MG,0,ACTUAL
5/9/2015,7655,MG,0,ACTUAL
5/10/2015,7655,MG,0,ACTUAL
5/11/2015,7655,MG,0,ACTUAL
5/12/2015,7655,MG,0,ACTUAL
5/13/2015,7655,MG,0,ACTUAL
5/14/2015,7655,MG,0,ACTUAL
5/15/2015,7655,MG,15,ACTUAL
5/16/2015,7655,MG,0,ACTUAL
5/17/2015,7655,MG,25,ACTUAL
5/18/2015,7655,MG,0,ACTUAL
5/19/2015,7655,MG,21,ACTUAL
5/20/2015,7655,MG,0,ACTUAL
5/21/2015,7655,MG,0,ACTUAL
5/22/2015,7655,MG,15,ACTUAL
5/23/2015,7655,MG,0,ACTUAL
5/24/2015,7655,MG,18,ACTUAL
5/25/2015,7655,MG,0,ACTUAL
5/26/2015,7655,MG,26,ACTUAL
5/27/2015,7655,MG,0,ACTUAL
5/28/2015,7655,MG,0,ACTUAL
5/29/2015,7655,MG,9,ACTUAL
5/30/2015,7655,MG,0,ACTUAL
5/31/2015,7655,MG,17,ACTUAL
6/1/2015,7655,MG,31,ACTUAL
6/2/2015,7655,MG,10,ACTUAL
6/3/2015,7655,MG,5,ACTUAL
6/4/2015,7655,MG,0,ACTUAL
6/5/2015,7655,MG,0,ACTUAL
6/6/2015,7655,MG,0,ACTUAL
6/7/2015,7655,MG,0,ACTUAL
6/8/2015,7655,MG,0,ACTUAL
6/9/2015,7655,MG,22,ACTUAL
6/10/2015,7655,MG,25,ACTUAL
6/11/2015,7655,MG,5,ACTUAL
6/12/2015,7655,MG,19,ACTUAL
6/13/2015,7655,MG,0,ACTUAL
6/14/2015,7655,MG,12,ACTUAL
6/15/2015,7655,MG,0,ACTUAL
6/16/2015,7655,MG,15,ACTUAL
6/17/2015,7655,MG,0,ACTUAL
6/18/2015,7655,MG,0,ACTUAL
6/19/2015,7655,MG,5,ACTUAL
6/20/2015,7655,MG,0,ACTUAL
6/21/2015,7655,MG,14,ACTUAL
6/22/2015,7655,MG,0,ACTUAL
6/23/2015,7655,MG,20,ACTUAL
6/24/2015,7655,MG,0,ACTUAL
6/25/2015,7655,MG,0,ACTUAL
6/26/2015,7655,MG,7,ACTUAL
6/27/2015,7655,MG,0,ACTUAL
6/28/2015,7655,MG,19,ACTUAL
6/29/2015,7655,MG,0,ACTUAL
6/30/2015,7655,MG,26,ACTUAL
7/1/2015,7655,MG,0,ACTUAL
7/2/2015,7655,MG,0,ACTUAL
7/3/2015,7655,MG,0,ACTUAL
7/4/2015,7655,MG,25,ACTUAL
7/5/2015,7655,MG,0,ACTUAL
7/6/2015,7655,MG,19,ACTUAL
7/7/2015,7655,MG,24,ACTUAL
7/8/2015,7655,MG,15,ACTUAL
7/9/2015,7655,MG,0,ACTUAL
7/10/2015,7655,MG,0,ACTUAL
7/11/2015,7655,MG,0,ACTUAL
7/12/2015,7655,MG,0,ACTUAL
7/13/2015,7655,MG,0,ACTUAL
7/14/2015,7655,MG,15,ACTUAL
7/15/2015,7655,MG,0,ACTUAL
7/16/2015,7655,MG,0,ACTUAL
7/17/2015,7655,MG,9,ACTUAL
7/18/2015,7655,MG,0,ACTUAL
7/19/2015,7655,MG,17,ACTUAL
7/20/2015,7655,MG,0,ACTUAL
7/21/2015,7655,MG,21,ACTUAL
7/22/2015,7655,MG,0,ACTUAL
7/23/2015,7655,MG,0,ACTUAL
7/24/2015,7655,MG,9,ACTUAL
7/25/2015,7655,MG,0,ACTUAL
7/26/2015,7655,MG,19,ACTUAL
7/27/2015,7655,MG,0,ACTUAL
7/28/2015,7655,MG,25,ACTUAL
7/29/2015,7655,MG,0,ACTUAL
7/30/2015,7655,MG,0,ACTUAL
7/31/2015,7655,MG,6,ACTUAL
8/1/2015,7655,MG,0,ACTUAL
8/2/2015,7655,MG,15,ACTUAL
8/3/2015,7655,MG,11,ACTUAL
8/4/2015,7655,MG,0,ACTUAL
8/5/2015,7655,MG,15,ACTUAL
8/6/2015,7655,MG,0,ACTUAL
8/7/2015,7655,MG,0,ACTUAL
8/8/2015,7655,MG,0,ACTUAL
8/9/2015,7655,MG,18,ACTUAL
8/10/2015,7655,MG,0,ACTUAL
8/11/2015,7655,MG,10,ACTUAL
8/12/2015,7655,MG,25,ACTUAL
8/13/2015,7655,MG,0,ACTUAL
8/14/2015,7655,MG,7,ACTUAL
8/15/2015,7655,MG,0,ACTUAL
8/16/2015,7655,MG,21,ACTUAL
8/17/2015,7655,MG,0,ACTUAL
8/18/2015,7655,MG,24,ACTUAL
8/19/2015,7655,MG,0,ACTUAL
8/20/2015,7655,MG,0,ACTUAL
8/21/2015,7655,MG,5,ACTUAL
8/22/2015,7655,MG,0,ACTUAL
8/23/2015,7655,MG,21,ACTUAL
8/24/2015,7655,MG,0,ACTUAL
8/25/2015,7655,MG,21,ACTUAL
8/26/2015,7655,MG,0,ACTUAL
8/27/2015,7655,MG,0,ACTUAL
8/28/2015,7655,MG,9,ACTUAL
8/29/2015,7655,MG,0,ACTUAL
8/30/2015,7655,MG,24,ACTUAL
8/31/2015,7655,MG,0,ACTUAL
9/1/2015,7655,MG,0,ACTUAL
9/2/2015,7655,MG,0,ACTUAL
9/3/2015,7655,MG,0,ACTUAL
9/4/2015,7655,MG,0,ACTUAL
9/5/2015,7655,MG,0,ACTUAL
9/6/2015,7655,MG,20,ACTUAL
9/7/2015,7655,MG,0,ACTUAL
9/8/2015,7655,MG,24,ACTUAL
9/9/2015,7655,MG,0,ACTUAL
9/10/2015,7655,MG,9,ACTUAL
9/11/2015,7655,MG,0,ACTUAL
9/12/2015,7655,MG,0,ACTUAL
9/13/2015,7655,MG,19,ACTUAL
9/14/2015,7655,MG,0,ACTUAL
9/15/2015,7655,MG,19,ACTUAL
9/16/2015,7655,MG,0,ACTUAL
9/17/2015,7655,MG,0,ACTUAL
9/18/2015,7655,MG,9,ACTUAL
9/19/2015,7655,MG,0,ACTUAL
9/20/2015,7655,MG,13,ACTUAL
9/21/2015,7655,MG,0,ACTUAL
9/22/2015,7655,MG,35,ACTUAL
9/23/2015,7655,MG,0,ACTUAL
9/24/2015,7655,MG,0,ACTUAL
9/25/2015,7655,MG,0,ACTUAL
9/26/2015,7655,MG,0,ACTUAL
9/27/2015,7655,MG,15,ACTUAL
9/28/2015,7655,MG,0,ACTUAL
9/29/2015,7655,MG,21,ACTUAL
9/30/2015,7655,MG,0,ACTUAL
10/1/2015,7655,MG,0,ACTUAL
10/2/2015,7655,MG,25,ACTUAL
10/3/2015,7655,MG,25,ACTUAL
10/4/2015,7655,MG,5,ACTUAL
10/5/2015,7655,MG,25,ACTUAL
10/6/2015,7655,MG,0,ACTUAL
10/7/2015,7655,MG,11,ACTUAL
10/8/2015,7655,MG,0,ACTUAL
10/9/2015,7655,MG,0,ACTUAL
10/10/2015,7655,MG,0,ACTUAL
10/11/2015,7655,MG,24,ACTUAL
10/12/2015,7655,MG,0,ACTUAL
10/13/2015,7655,MG,19,ACTUAL
10/14/2015,7655,MG,0,ACTUAL
10/15/2015,7655,MG,0,ACTUAL
10/16/2015,7655,MG,15,ACTUAL
10/17/2015,7655,MG,0,ACTUAL
10/18/2015,7655,MG,18,ACTUAL
10/19/2015,7655,MG,0,ACTUAL
10/20/2015,7655,MG,30,ACTUAL
10/21/2015,7655,MG,0,ACTUAL
10/22/2015,7655,MG,0,ACTUAL
10/23/2015,7655,MG,5,ACTUAL
10/24/2015,7655,MG,0,ACTUAL
10/25/2015,7655,MG,22,ACTUAL
10/26/2015,7655,MG,0,ACTUAL
10/27/2015,7655,MG,25,ACTUAL
10/28/2015,7655,MG,0,ACTUAL
10/29/2015,7655,MG,0,ACTUAL
10/30/2015,7655,MG,8,ACTUAL
10/31/2015,7655,MG,0,ACTUAL
11/1/2015,7655,MG,25,ACTUAL
11/2/2015,7655,MG,0,ACTUAL
11/3/2015,7655,MG,0,ACTUAL
11/4/2015,7655,MG,0,ACTUAL
11/5/2015,7655,MG,0,ACTUAL
11/6/2015,7655,MG,0,ACTUAL
11/7/2015,7655,MG,0,ACTUAL
11/8/2015,7655,MG,35,ACTUAL
11/9/2015,7655,MG,15,ACTUAL
11/10/2015,7655,MG,21,ACTUAL
11/11/2015,7655,MG,0,ACTUAL
11/12/2015,7655,MG,9,ACTUAL
11/13/2015,7655,MG,15,ACTUAL
11/14/2015,7655,MG,0,ACTUAL
11/15/2015,7655,MG,20,ACTUAL
11/16/2015,7655,MG,0,ACTUAL
11/17/2015,7655,MG,25,ACTUAL
11/18/2015,7655,MG,0,ACTUAL
11/19/2015,7655,MG,0,ACTUAL
11/20/2015,7655,MG,15,ACTUAL
11/21/2015,7655,MG,0,ACTUAL
11/22/2015,7655,MG,20,ACTUAL
11/23/2015,7655,MG,0,ACTUAL
11/24/2015,7655,MG,25,ACTUAL
11/25/2015,7655,MG,0,ACTUAL
11/26/2015,7655,MG,0,ACTUAL
11/27/2015,7655,MG,15,ACTUAL
11/28/2015,7655,MG,0,ACTUAL
11/29/2015,7655,MG,22,ACTUAL
11/30/2015,7655,MG,0,ACTUAL
12/1/2015,7655,MG,0,ACTUAL
12/2/2015,7655,MG,0,ACTUAL
12/3/2015,7655,MG,0,ACTUAL
12/4/2015,7655,MG,14,ACTUAL
12/5/2015,7655,MG,17,ACTUAL
12/6/2015,7655,MG,15,ACTUAL
12/7/2015,7655,MG,18,ACTUAL
12/8/2015,7655,MG,0,ACTUAL
12/9/2015,7655,MG,0,ACTUAL
12/10/2015,7655,MG,0,ACTUAL
12/11/2015,7655,MG,0,ACTUAL
12/12/2015,7655,MG,0,ACTUAL
12/13/2015,7655,MG,25,ACTUAL
12/14/2015,7655,MG,0,ACTUAL
12/15/2015,7655,MG,19,ACTUAL
12/16/2015,7655,MG,0,ACTUAL
12/17/2015,7655,MG,0,ACTUAL
12/18/2015,7655,MG,9,ACTUAL
12/19/2015,7655,MG,0,ACTUAL
12/20/2015,7655,MG,19,ACTUAL
12/21/2015,7655,MG,0,ACTUAL
12/22/2015,7655,MG,19,ACTUAL
12/23/2015,7655,MG,0,ACTUAL
12/24/2015,7655,MG,0,ACTUAL
12/25/2015,7655,MG,6,ACTUAL
12/26/2015,7655,MG,0,ACTUAL
12/27/2015,7655,MG,13,ACTUAL
12/28/2015,7655,MG,0,ACTUAL
12/29/2015,7655,MG,0,ACTUAL
12/30/2015,7655,MG,0,ACTUAL
12/31/2015,7655,MG,0,ACTUAL
1/1/2016,7655,MG,4,ACTUAL
1/2/2016,7655,MG,0,ACTUAL
1/3/2016,7655,MG,22,ACTUAL
1/4/2016,7655,MG,0,ACTUAL
1/5/2016,7655,MG,10,ACTUAL
1/6/2016,7655,MG,0,ACTUAL
1/7/2016,7655,MG,6,ACTUAL
1/8/2016,7655,MG,0,ACTUAL
1/9/2016,7655,MG,0,ACTUAL
1/10/2016,7655,MG,0,ACTUAL
1/11/2016,7655,MG,17,ACTUAL
1/12/2016,7655,MG,0,ACTUAL
1/13/2016,7655,MG,0,ACTUAL
1/14/2016,7655,MG,0,ACTUAL
1/2/2014,6489,PDB,5,ACTUAL
1/3/2014,6489,PDB,2,ACTUAL
1/4/2014,6489,PDB,3,ACTUAL
1/5/2014,6489,PDB,6,ACTUAL
1/6/2014,6489,PDB,10,ACTUAL
1/7/2014,6489,PDB,3,ACTUAL
1/8/2014,6489,PDB,4,ACTUAL
1/9/2014,6489,PDB,8,ACTUAL
1/10/2014,6489,PDB,7,ACTUAL
1/11/2014,6489,PDB,5,ACTUAL
1/12/2014,6489,PDB,7,ACTUAL
1/13/2014,6489,PDB,6,ACTUAL
1/14/2014,6489,PDB,9,ACTUAL
1/15/2014,6489,PDB,6,ACTUAL
1/16/2014,6489,PDB,8,ACTUAL
1/17/2014,6489,PDB,5,ACTUAL
1/18/2014,6489,PDB,2,ACTUAL
1/19/2014,6489,PDB,8,ACTUAL
1/20/2014,6489,PDB,5,ACTUAL
1/21/2014,6489,PDB,5,ACTUAL
1/22/2014,6489,PDB,6,ACTUAL
1/23/2014,6489,PDB,6,ACTUAL
1/24/2014,6489,PDB,4,ACTUAL
1/25/2014,6489,PDB,6,ACTUAL
1/26/2014,6489,PDB,4,ACTUAL
1/27/2014,6489,PDB,7,ACTUAL
1/28/2014,6489,PDB,2,ACTUAL
1/29/2014,6489,PDB,10,ACTUAL
1/30/2014,6489,PDB,7,ACTUAL
1/31/2014,6489,PDB,0,ACTUAL
2/1/2014,6489,PDB,10,ACTUAL
2/2/2014,6489,PDB,10,ACTUAL
2/3/2014,6489,PDB,9,ACTUAL
2/4/2014,6489,PDB,4,ACTUAL
2/5/2014,6489,PDB,3,ACTUAL
2/6/2014,6489,PDB,7,ACTUAL
2/7/2014,6489,PDB,5,ACTUAL
2/8/2014,6489,PDB,4,ACTUAL
2/9/2014,6489,PDB,8,ACTUAL
2/10/2014,6489,PDB,5,ACTUAL
2/11/2014,6489,PDB,7,ACTUAL
2/12/2014,6489,PDB,4,ACTUAL
2/13/2014,6489,PDB,3,ACTUAL
2/14/2014,6489,PDB,6,ACTUAL
2/15/2014,6489,PDB,4,ACTUAL
2/16/2014,6489,PDB,5,ACTUAL
2/17/2014,6489,PDB,5,ACTUAL
2/18/2014,6489,PDB,4,ACTUAL
2/19/2014,6489,PDB,9,ACTUAL
2/20/2014,6489,PDB,7,ACTUAL
2/21/2014,6489,PDB,7,ACTUAL
2/22/2014,6489,PDB,4,ACTUAL
2/23/2014,6489,PDB,10,ACTUAL
2/24/2014,6489,PDB,8,ACTUAL
2/25/2014,6489,PDB,2,ACTUAL
2/26/2014,6489,PDB,3,ACTUAL
2/27/2014,6489,PDB,3,ACTUAL
2/28/2014,6489,PDB,6,ACTUAL
3/1/2014,6489,PDB,4,ACTUAL
3/2/2014,6489,PDB,9,ACTUAL
3/3/2014,6489,PDB,9,ACTUAL
3/4/2014,6489,PDB,7,ACTUAL
3/5/2014,6489,PDB,2,ACTUAL
3/6/2014,6489,PDB,5,ACTUAL
3/7/2014,6489,PDB,4,ACTUAL
3/8/2014,6489,PDB,18,ACTUAL
3/9/2014,6489,PDB,7,ACTUAL
3/10/2014,6489,PDB,2,ACTUAL
3/11/2014,6489,PDB,7,ACTUAL
3/12/2014,6489,PDB,1,ACTUAL
3/13/2014,6489,PDB,5,ACTUAL
3/14/2014,6489,PDB,1,ACTUAL
3/15/2014,6489,PDB,6,ACTUAL
3/16/2014,6489,PDB,14,ACTUAL
3/17/2014,6489,PDB,7,ACTUAL
3/18/2014,6489,PDB,5,ACTUAL
3/19/2014,6489,PDB,4,ACTUAL
3/20/2014,6489,PDB,6,ACTUAL
3/21/2014,6489,PDB,7,ACTUAL
3/22/2014,6489,PDB,5,ACTUAL
3/23/2014,6489,PDB,12,ACTUAL
3/24/2014,6489,PDB,9,ACTUAL
3/25/2014,6489,PDB,6,ACTUAL
3/26/2014,6489,PDB,3,ACTUAL
3/27/2014,6489,PDB,7,ACTUAL
3/28/2014,6489,PDB,5,ACTUAL
3/29/2014,6489,PDB,3,ACTUAL
3/30/2014,6489,PDB,5,ACTUAL
3/31/2014,6489,PDB,6,ACTUAL
4/1/2014,6489,PDB,8,ACTUAL
4/2/2014,6489,PDB,8,ACTUAL
4/3/2014,6489,PDB,2,ACTUAL
4/4/2014,6489,PDB,3,ACTUAL
4/5/2014,6489,PDB,14,ACTUAL
4/6/2014,6489,PDB,7,ACTUAL
4/7/2014,6489,PDB,2,ACTUAL
4/8/2014,6489,PDB,0,ACTUAL
4/9/2014,6489,PDB,3,ACTUAL
4/10/2014,6489,PDB,4,ACTUAL
4/11/2014,6489,PDB,3,ACTUAL
4/12/2014,6489,PDB,5,ACTUAL
4/13/2014,6489,PDB,15,ACTUAL
4/14/2014,6489,PDB,8,ACTUAL
4/15/2014,6489,PDB,7,ACTUAL
4/16/2014,6489,PDB,7,ACTUAL
4/17/2014,6489,PDB,1,ACTUAL
4/18/2014,6489,PDB,9,ACTUAL
4/19/2014,6489,PDB,8,ACTUAL
4/20/2014,6489,PDB,11,ACTUAL
4/21/2014,6489,PDB,7,ACTUAL
4/22/2014,6489,PDB,5,ACTUAL
4/23/2014,6489,PDB,7,ACTUAL
4/24/2014,6489,PDB,5,ACTUAL
4/25/2014,6489,PDB,2,ACTUAL
4/26/2014,6489,PDB,6,ACTUAL
4/27/2014,6489,PDB,10,ACTUAL
4/28/2014,6489,PDB,4,ACTUAL
4/29/2014,6489,PDB,10,ACTUAL
4/30/2014,6489,PDB,0,ACTUAL
5/1/2014,6489,PDB,9,ACTUAL
5/2/2014,6489,PDB,4,ACTUAL
5/3/2014,6489,PDB,4,ACTUAL
5/4/2014,6489,PDB,6,ACTUAL
5/5/2014,6489,PDB,3,ACTUAL
5/6/2014,6489,PDB,3,ACTUAL
5/7/2014,6489,PDB,3,ACTUAL
5/8/2014,6489,PDB,0,ACTUAL
5/9/2014,6489,PDB,5,ACTUAL
5/10/2014,6489,PDB,4,ACTUAL
5/11/2014,6489,PDB,3,ACTUAL
5/12/2014,6489,PDB,5,ACTUAL
5/13/2014,6489,PDB,0,ACTUAL
5/14/2014,6489,PDB,7,ACTUAL
5/15/2014,6489,PDB,5,ACTUAL
5/16/2014,6489,PDB,5,ACTUAL
5/17/2014,6489,PDB,4,ACTUAL
5/18/2014,6489,PDB,10,ACTUAL
5/19/2014,6489,PDB,10,ACTUAL
5/20/2014,6489,PDB,5,ACTUAL
5/21/2014,6489,PDB,10,ACTUAL
5/22/2014,6489,PDB,4,ACTUAL
5/23/2014,6489,PDB,2,ACTUAL
5/24/2014,6489,PDB,6,ACTUAL
5/25/2014,6489,PDB,10,ACTUAL
5/26/2014,6489,PDB,6,ACTUAL
5/27/2014,6489,PDB,2,ACTUAL
5/28/2014,6489,PDB,3,ACTUAL
5/29/2014,6489,PDB,5,ACTUAL
5/30/2014,6489,PDB,3,ACTUAL
5/31/2014,6489,PDB,2,ACTUAL
6/1/2014,6489,PDB,6,ACTUAL
6/2/2014,6489,PDB,6,ACTUAL
6/3/2014,6489,PDB,5,ACTUAL
6/4/2014,6489,PDB,10,ACTUAL
6/5/2014,6489,PDB,3,ACTUAL
6/6/2014,6489,PDB,3,ACTUAL
6/7/2014,6489,PDB,10,ACTUAL
6/8/2014,6489,PDB,7,ACTUAL
6/9/2014,6489,PDB,3,ACTUAL
6/10/2014,6489,PDB,7,ACTUAL
6/11/2014,6489,PDB,2,ACTUAL
6/12/2014,6489,PDB,4,ACTUAL
6/13/2014,6489,PDB,3,ACTUAL
6/14/2014,6489,PDB,2,ACTUAL
6/15/2014,6489,PDB,10,ACTUAL
6/16/2014,6489,PDB,5,ACTUAL
6/17/2014,6489,PDB,5,ACTUAL
6/18/2014,6489,PDB,7,ACTUAL
6/19/2014,6489,PDB,4,ACTUAL
6/20/2014,6489,PDB,3,ACTUAL
6/21/2014,6489,PDB,7,ACTUAL
6/22/2014,6489,PDB,7,ACTUAL
6/23/2014,6489,PDB,8,ACTUAL
6/24/2014,6489,PDB,5,ACTUAL
6/25/2014,6489,PDB,7,ACTUAL
6/26/2014,6489,PDB,1,ACTUAL
6/27/2014,6489,PDB,7,ACTUAL
6/28/2014,6489,PDB,0,ACTUAL
6/29/2014,6489,PDB,13,ACTUAL
6/30/2014,6489,PDB,7,ACTUAL
7/1/2014,6489,PDB,7,ACTUAL
7/2/2014,6489,PDB,4,ACTUAL
7/3/2014,6489,PDB,5,ACTUAL
7/4/2014,6489,PDB,10,ACTUAL
7/5/2014,6489,PDB,10,ACTUAL
7/6/2014,6489,PDB,4,ACTUAL
7/7/2014,6489,PDB,10,ACTUAL
7/8/2014,6489,PDB,5,ACTUAL
7/9/2014,6489,PDB,10,ACTUAL
7/10/2014,6489,PDB,4,ACTUAL
7/11/2014,6489,PDB,5,ACTUAL
7/12/2014,6489,PDB,7,ACTUAL
7/13/2014,6489,PDB,7,ACTUAL
7/14/2014,6489,PDB,9,ACTUAL
7/15/2014,6489,PDB,7,ACTUAL
7/16/2014,6489,PDB,2,ACTUAL
7/17/2014,6489,PDB,3,ACTUAL
7/18/2014,6489,PDB,8,ACTUAL
7/19/2014,6489,PDB,0,ACTUAL
7/20/2014,6489,PDB,6,ACTUAL
7/21/2014,6489,PDB,7,ACTUAL
7/22/2014,6489,PDB,6,ACTUAL
7/23/2014,6489,PDB,6,ACTUAL
7/24/2014,6489,PDB,2,ACTUAL
7/25/2014,6489,PDB,1,ACTUAL
7/26/2014,6489,PDB,7,ACTUAL
7/27/2014,6489,PDB,5,ACTUAL
7/28/2014,6489,PDB,4,ACTUAL
7/29/2014,6489,PDB,4,ACTUAL
7/30/2014,6489,PDB,10,ACTUAL
7/31/2014,6489,PDB,3,ACTUAL
8/1/2014,6489,PDB,9,ACTUAL
8/2/2014,6489,PDB,5,ACTUAL
8/3/2014,6489,PDB,8,ACTUAL
8/4/2014,6489,PDB,6,ACTUAL
8/5/2014,6489,PDB,6,ACTUAL
8/6/2014,6489,PDB,8,ACTUAL
8/7/2014,6489,PDB,4,ACTUAL
8/8/2014,6489,PDB,0,ACTUAL
8/9/2014,6489,PDB,3,ACTUAL
8/10/2014,6489,PDB,7,ACTUAL
8/11/2014,6489,PDB,3,ACTUAL
8/12/2014,6489,PDB,4,ACTUAL
8/13/2014,6489,PDB,4,ACTUAL
8/14/2014,6489,PDB,5,ACTUAL
8/15/2014,6489,PDB,4,ACTUAL
8/16/2014,6489,PDB,3,ACTUAL
8/17/2014,6489,PDB,6,ACTUAL
8/18/2014,6489,PDB,9,ACTUAL
8/19/2014,6489,PDB,3,ACTUAL
8/20/2014,6489,PDB,5,ACTUAL
8/21/2014,6489,PDB,3,ACTUAL
8/22/2014,6489,PDB,7,ACTUAL
8/23/2014,6489,PDB,1,ACTUAL
8/24/2014,6489,PDB,10,ACTUAL
8/25/2014,6489,PDB,5,ACTUAL
8/26/2014,6489,PDB,6,ACTUAL
8/27/2014,6489,PDB,8,ACTUAL
8/28/2014,6489,PDB,6,ACTUAL
8/29/2014,6489,PDB,1,ACTUAL
8/30/2014,6489,PDB,2,ACTUAL
8/31/2014,6489,PDB,14,ACTUAL
9/1/2014,6489,PDB,7,ACTUAL
9/2/2014,6489,PDB,8,ACTUAL
9/3/2014,6489,PDB,7,ACTUAL
9/4/2014,6489,PDB,10,ACTUAL
9/5/2014,6489,PDB,4,ACTUAL
9/6/2014,6489,PDB,6,ACTUAL
9/7/2014,6489,PDB,4,ACTUAL
9/8/2014,6489,PDB,1,ACTUAL
9/9/2014,6489,PDB,3,ACTUAL
9/10/2014,6489,PDB,2,ACTUAL
9/11/2014,6489,PDB,5,ACTUAL
9/12/2014,6489,PDB,4,ACTUAL
9/13/2014,6489,PDB,1,ACTUAL
9/14/2014,6489,PDB,9,ACTUAL
9/15/2014,6489,PDB,2,ACTUAL
9/16/2014,6489,PDB,5,ACTUAL
9/17/2014,6489,PDB,4,ACTUAL
9/18/2014,6489,PDB,2,ACTUAL
9/19/2014,6489,PDB,3,ACTUAL
9/20/2014,6489,PDB,4,ACTUAL
9/21/2014,6489,PDB,8,ACTUAL
9/22/2014,6489,PDB,7,ACTUAL
9/23/2014,6489,PDB,2,ACTUAL
9/24/2014,6489,PDB,7,ACTUAL
9/25/2014,6489,PDB,5,ACTUAL
9/26/2014,6489,PDB,2,ACTUAL
9/27/2014,6489,PDB,2,ACTUAL
9/28/2014,6489,PDB,7,ACTUAL
9/29/2014,6489,PDB,4,ACTUAL
9/30/2014,6489,PDB,3,ACTUAL
10/1/2014,6489,PDB,5,ACTUAL
10/2/2014,6489,PDB,6,ACTUAL
10/3/2014,6489,PDB,4,ACTUAL
10/4/2014,6489,PDB,7,ACTUAL
10/5/2014,6489,PDB,12,ACTUAL
10/6/2014,6489,PDB,3,ACTUAL
10/7/2014,6489,PDB,9,ACTUAL
10/8/2014,6489,PDB,4,ACTUAL
10/9/2014,6489,PDB,2,ACTUAL
10/10/2014,6489,PDB,3,ACTUAL
10/11/2014,6489,PDB,7,ACTUAL
10/12/2014,6489,PDB,4,ACTUAL
10/13/2014,6489,PDB,4,ACTUAL
10/14/2014,6489,PDB,2,ACTUAL
10/15/2014,6489,PDB,4,ACTUAL
10/16/2014,6489,PDB,4,ACTUAL
10/17/2014,6489,PDB,5,ACTUAL
10/18/2014,6489,PDB,2,ACTUAL
10/19/2014,6489,PDB,7,ACTUAL
10/20/2014,6489,PDB,3,ACTUAL
10/21/2014,6489,PDB,1,ACTUAL
10/22/2014,6489,PDB,7,ACTUAL
10/23/2014,6489,PDB,5,ACTUAL
10/24/2014,6489,PDB,5,ACTUAL
10/25/2014,6489,PDB,5,ACTUAL
10/26/2014,6489,PDB,5,ACTUAL
10/27/2014,6489,PDB,5,ACTUAL
10/28/2014,6489,PDB,3,ACTUAL
10/29/2014,6489,PDB,3,ACTUAL
10/30/2014,6489,PDB,4,ACTUAL
10/31/2014,6489,PDB,5,ACTUAL
11/1/2014,6489,PDB,8,ACTUAL
11/2/2014,6489,PDB,4,ACTUAL
11/3/2014,6489,PDB,8,ACTUAL
11/4/2014,6489,PDB,4,ACTUAL
11/5/2014,6489,PDB,0,ACTUAL
11/6/2014,6489,PDB,7,ACTUAL
11/7/2014,6489,PDB,5,ACTUAL
11/8/2014,6489,PDB,10,ACTUAL
11/9/2014,6489,PDB,3,ACTUAL
11/10/2014,6489,PDB,3,ACTUAL
11/11/2014,6489,PDB,1,ACTUAL
11/12/2014,6489,PDB,4,ACTUAL
11/13/2014,6489,PDB,4,ACTUAL
11/14/2014,6489,PDB,2,ACTUAL
11/15/2014,6489,PDB,3,ACTUAL
11/16/2014,6489,PDB,3,ACTUAL
11/17/2014,6489,PDB,7,ACTUAL
11/18/2014,6489,PDB,4,ACTUAL
11/19/2014,6489,PDB,7,ACTUAL
11/20/2014,6489,PDB,3,ACTUAL
11/21/2014,6489,PDB,2,ACTUAL
11/22/2014,6489,PDB,5,ACTUAL
11/23/2014,6489,PDB,3,ACTUAL
11/24/2014,6489,PDB,2,ACTUAL
11/25/2014,6489,PDB,1,ACTUAL
11/26/2014,6489,PDB,7,ACTUAL
11/27/2014,6489,PDB,4,ACTUAL
11/28/2014,6489,PDB,2,ACTUAL
11/29/2014,6489,PDB,1,ACTUAL
11/30/2014,6489,PDB,7,ACTUAL
12/1/2014,6489,PDB,7,ACTUAL
12/2/2014,6489,PDB,5,ACTUAL
12/3/2014,6489,PDB,4,ACTUAL
12/4/2014,6489,PDB,6,ACTUAL
12/5/2014,6489,PDB,0,ACTUAL
12/6/2014,6489,PDB,4,ACTUAL
12/7/2014,6489,PDB,4,ACTUAL
12/8/2014,6489,PDB,5,ACTUAL
12/9/2014,6489,PDB,4,ACTUAL
12/10/2014,6489,PDB,11,ACTUAL
12/11/2014,6489,PDB,3,ACTUAL
12/12/2014,6489,PDB,5,ACTUAL
12/13/2014,6489,PDB,4,ACTUAL
12/14/2014,6489,PDB,6,ACTUAL
12/15/2014,6489,PDB,7,ACTUAL
12/16/2014,6489,PDB,1,ACTUAL
12/17/2014,6489,PDB,1,ACTUAL
12/18/2014,6489,PDB,3,ACTUAL
12/19/2014,6489,PDB,3,ACTUAL
12/20/2014,6489,PDB,5,ACTUAL
12/21/2014,6489,PDB,11,ACTUAL
12/22/2014,6489,PDB,4,ACTUAL
12/23/2014,6489,PDB,5,ACTUAL
12/24/2014,6489,PDB,4,ACTUAL
12/25/2014,6489,PDB,3,ACTUAL
12/26/2014,6489,PDB,0,ACTUAL
12/27/2014,6489,PDB,2,ACTUAL
12/28/2014,6489,PDB,5,ACTUAL
12/29/2014,6489,PDB,4,ACTUAL
12/30/2014,6489,PDB,3,ACTUAL
12/31/2014,6489,PDB,7,ACTUAL
1/1/2015,6489,PDB,5,ACTUAL
1/2/2015,6489,PDB,8,ACTUAL
1/3/2015,6489,PDB,5,ACTUAL
1/4/2015,6489,PDB,7,ACTUAL
1/5/2015,6489,PDB,0,ACTUAL
1/6/2015,6489,PDB,4,ACTUAL
1/7/2015,6489,PDB,6,ACTUAL
1/8/2015,6489,PDB,5,ACTUAL
1/9/2015,6489,PDB,8,ACTUAL
1/10/2015,6489,PDB,0,ACTUAL
1/11/2015,6489,PDB,3,ACTUAL
1/12/2015,6489,PDB,3,ACTUAL
1/13/2015,6489,PDB,5,ACTUAL
1/14/2015,6489,PDB,5,ACTUAL
1/15/2015,6489,PDB,5,ACTUAL
1/16/2015,6489,PDB,5,ACTUAL
1/17/2015,6489,PDB,0,ACTUAL
1/18/2015,6489,PDB,8,ACTUAL
1/19/2015,6489,PDB,7,ACTUAL
1/20/2015,6489,PDB,2,ACTUAL
1/21/2015,6489,PDB,3,ACTUAL
1/22/2015,6489,PDB,2,ACTUAL
1/23/2015,6489,PDB,4,ACTUAL
1/24/2015,6489,PDB,4,ACTUAL
1/25/2015,6489,PDB,8,ACTUAL
1/26/2015,6489,PDB,2,ACTUAL
1/27/2015,6489,PDB,5,ACTUAL
1/28/2015,6489,PDB,2,ACTUAL
1/29/2015,6489,PDB,5,ACTUAL
1/30/2015,6489,PDB,2,ACTUAL
1/31/2015,6489,PDB,5,ACTUAL
2/1/2015,6489,PDB,4,ACTUAL
2/2/2015,6489,PDB,5,ACTUAL
2/3/2015,6489,PDB,4,ACTUAL
2/4/2015,6489,PDB,1,ACTUAL
2/5/2015,6489,PDB,0,ACTUAL
2/6/2015,6489,PDB,5,ACTUAL
2/7/2015,6489,PDB,5,ACTUAL
2/8/2015,6489,PDB,7,ACTUAL
2/9/2015,6489,PDB,4,ACTUAL
2/10/2015,6489,PDB,4,ACTUAL
2/11/2015,6489,PDB,7,ACTUAL
2/12/2015,6489,PDB,7,ACTUAL
2/13/2015,6489,PDB,5,ACTUAL
2/14/2015,6489,PDB,0,ACTUAL
2/15/2015,6489,PDB,8,ACTUAL
2/16/2015,6489,PDB,5,ACTUAL
2/17/2015,6489,PDB,10,ACTUAL
2/18/2015,6489,PDB,3,ACTUAL
2/19/2015,6489,PDB,0,ACTUAL
2/20/2015,6489,PDB,0,ACTUAL
2/21/2015,6489,PDB,6,ACTUAL
2/22/2015,6489,PDB,11,ACTUAL
2/23/2015,6489,PDB,7,ACTUAL
2/24/2015,6489,PDB,5,ACTUAL
2/25/2015,6489,PDB,7,ACTUAL
2/26/2015,6489,PDB,2,ACTUAL
2/27/2015,6489,PDB,5,ACTUAL
2/28/2015,6489,PDB,5,ACTUAL
3/1/2015,6489,PDB,4,ACTUAL
3/2/2015,6489,PDB,5,ACTUAL
3/3/2015,6489,PDB,3,ACTUAL
3/4/2015,6489,PDB,5,ACTUAL
3/5/2015,6489,PDB,0,ACTUAL
3/6/2015,6489,PDB,7,ACTUAL
3/7/2015,6489,PDB,1,ACTUAL
3/8/2015,6489,PDB,7,ACTUAL
3/9/2015,6489,PDB,4,ACTUAL
3/10/2015,6489,PDB,4,ACTUAL
3/11/2015,6489,PDB,6,ACTUAL
3/12/2015,6489,PDB,3,ACTUAL
3/13/2015,6489,PDB,5,ACTUAL
3/14/2015,6489,PDB,5,ACTUAL
3/15/2015,6489,PDB,5,ACTUAL
3/16/2015,6489,PDB,4,ACTUAL
3/17/2015,6489,PDB,4,ACTUAL
3/18/2015,6489,PDB,7,ACTUAL
3/19/2015,6489,PDB,5,ACTUAL
3/20/2015,6489,PDB,5,ACTUAL
3/21/2015,6489,PDB,1,ACTUAL
3/22/2015,6489,PDB,8,ACTUAL
3/23/2015,6489,PDB,7,ACTUAL
3/24/2015,6489,PDB,4,ACTUAL
3/25/2015,6489,PDB,7,ACTUAL
3/26/2015,6489,PDB,5,ACTUAL
3/27/2015,6489,PDB,7,ACTUAL
3/28/2015,6489,PDB,0,ACTUAL
3/29/2015,6489,PDB,10,ACTUAL
3/30/2015,6489,PDB,7,ACTUAL
3/31/2015,6489,PDB,5,ACTUAL
4/1/2015,6489,PDB,8,ACTUAL
4/2/2015,6489,PDB,7,ACTUAL
4/3/2015,6489,PDB,7,ACTUAL
4/4/2015,6489,PDB,1,ACTUAL
4/5/2015,6489,PDB,0,ACTUAL
4/6/2015,6489,PDB,3,ACTUAL
4/7/2015,6489,PDB,3,ACTUAL
4/8/2015,6489,PDB,2,ACTUAL
4/9/2015,6489,PDB,3,ACTUAL
4/10/2015,6489,PDB,8,ACTUAL
4/11/2015,6489,PDB,4,ACTUAL
4/12/2015,6489,PDB,4,ACTUAL
4/13/2015,6489,PDB,7,ACTUAL
4/14/2015,6489,PDB,4,ACTUAL
4/15/2015,6489,PDB,7,ACTUAL
4/16/2015,6489,PDB,2,ACTUAL
4/17/2015,6489,PDB,4,ACTUAL
4/18/2015,6489,PDB,5,ACTUAL
4/19/2015,6489,PDB,8,ACTUAL
4/20/2015,6489,PDB,2,ACTUAL
4/21/2015,6489,PDB,4,ACTUAL
4/22/2015,6489,PDB,4,ACTUAL
4/23/2015,6489,PDB,3,ACTUAL
4/24/2015,6489,PDB,4,ACTUAL
4/25/2015,6489,PDB,4,ACTUAL
4/26/2015,6489,PDB,8,ACTUAL
4/27/2015,6489,PDB,4,ACTUAL
4/28/2015,6489,PDB,2,ACTUAL
4/29/2015,6489,PDB,7,ACTUAL
4/30/2015,6489,PDB,0,ACTUAL
5/1/2015,6489,PDB,4,ACTUAL
5/2/2015,6489,PDB,2,ACTUAL
5/3/2015,6489,PDB,3,ACTUAL
5/4/2015,6489,PDB,8,ACTUAL
5/5/2015,6489,PDB,0,ACTUAL
5/6/2015,6489,PDB,3,ACTUAL
5/7/2015,6489,PDB,10,ACTUAL
5/8/2015,6489,PDB,7,ACTUAL
5/9/2015,6489,PDB,2,ACTUAL
5/10/2015,6489,PDB,2,ACTUAL
5/11/2015,6489,PDB,5,ACTUAL
5/12/2015,6489,PDB,3,ACTUAL
5/13/2015,6489,PDB,7,ACTUAL
5/14/2015,6489,PDB,5,ACTUAL
5/15/2015,6489,PDB,3,ACTUAL
5/16/2015,6489,PDB,5,ACTUAL
5/17/2015,6489,PDB,8,ACTUAL
5/18/2015,6489,PDB,4,ACTUAL
5/19/2015,6489,PDB,5,ACTUAL
5/20/2015,6489,PDB,7,ACTUAL
5/21/2015,6489,PDB,8,ACTUAL
5/22/2015,6489,PDB,3,ACTUAL
5/23/2015,6489,PDB,4,ACTUAL
5/24/2015,6489,PDB,7,ACTUAL
5/25/2015,6489,PDB,7,ACTUAL
5/26/2015,6489,PDB,5,ACTUAL
5/27/2015,6489,PDB,1,ACTUAL
5/28/2015,6489,PDB,5,ACTUAL
5/29/2015,6489,PDB,5,ACTUAL
5/30/2015,6489,PDB,0,ACTUAL
5/31/2015,6489,PDB,3,ACTUAL
6/1/2015,6489,PDB,3,ACTUAL
6/2/2015,6489,PDB,2,ACTUAL
6/3/2015,6489,PDB,5,ACTUAL
6/4/2015,6489,PDB,0,ACTUAL
6/5/2015,6489,PDB,0,ACTUAL
6/6/2015,6489,PDB,3,ACTUAL
6/7/2015,6489,PDB,9,ACTUAL
6/8/2015,6489,PDB,5,ACTUAL
6/9/2015,6489,PDB,11,ACTUAL
6/10/2015,6489,PDB,2,ACTUAL
6/11/2015,6489,PDB,2,ACTUAL
6/12/2015,6489,PDB,2,ACTUAL
6/13/2015,6489,PDB,0,ACTUAL
6/14/2015,6489,PDB,8,ACTUAL
6/15/2015,6489,PDB,7,ACTUAL
6/16/2015,6489,PDB,5,ACTUAL
6/17/2015,6489,PDB,2,ACTUAL
6/18/2015,6489,PDB,4,ACTUAL
6/19/2015,6489,PDB,0,ACTUAL
6/20/2015,6489,PDB,5,ACTUAL
6/21/2015,6489,PDB,3,ACTUAL
6/22/2015,6489,PDB,3,ACTUAL
6/23/2015,6489,PDB,0,ACTUAL
6/24/2015,6489,PDB,2,ACTUAL
6/25/2015,6489,PDB,4,ACTUAL
6/26/2015,6489,PDB,5,ACTUAL
6/27/2015,6489,PDB,7,ACTUAL
6/28/2015,6489,PDB,0,ACTUAL
6/29/2015,6489,PDB,10,ACTUAL
6/30/2015,6489,PDB,4,ACTUAL
7/1/2015,6489,PDB,5,ACTUAL
7/2/2015,6489,PDB,1,ACTUAL
7/3/2015,6489,PDB,5,ACTUAL
7/4/2015,6489,PDB,5,ACTUAL
7/5/2015,6489,PDB,0,ACTUAL
7/6/2015,6489,PDB,3,ACTUAL
7/7/2015,6489,PDB,5,ACTUAL
7/8/2015,6489,PDB,3,ACTUAL
7/9/2015,6489,PDB,4,ACTUAL
7/10/2015,6489,PDB,3,ACTUAL
7/11/2015,6489,PDB,5,ACTUAL
7/12/2015,6489,PDB,4,ACTUAL
7/13/2015,6489,PDB,8,ACTUAL
7/14/2015,6489,PDB,3,ACTUAL
7/15/2015,6489,PDB,5,ACTUAL
7/16/2015,6489,PDB,2,ACTUAL
7/17/2015,6489,PDB,5,ACTUAL
7/18/2015,6489,PDB,2,ACTUAL
7/19/2015,6489,PDB,8,ACTUAL
7/20/2015,6489,PDB,8,ACTUAL
7/21/2015,6489,PDB,3,ACTUAL
7/22/2015,6489,PDB,8,ACTUAL
7/23/2015,6489,PDB,10,ACTUAL
7/24/2015,6489,PDB,1,ACTUAL
7/25/2015,6489,PDB,4,ACTUAL
7/26/2015,6489,PDB,7,ACTUAL
7/27/2015,6489,PDB,10,ACTUAL
7/28/2015,6489,PDB,5,ACTUAL
7/29/2015,6489,PDB,7,ACTUAL
7/30/2015,6489,PDB,5,ACTUAL
7/31/2015,6489,PDB,1,ACTUAL
8/1/2015,6489,PDB,5,ACTUAL
8/2/2015,6489,PDB,8,ACTUAL
8/3/2015,6489,PDB,11,ACTUAL
8/4/2015,6489,PDB,7,ACTUAL
8/5/2015,6489,PDB,0,ACTUAL
8/6/2015,6489,PDB,7,ACTUAL
8/7/2015,6489,PDB,5,ACTUAL
8/8/2015,6489,PDB,0,ACTUAL
8/9/2015,6489,PDB,5,ACTUAL
8/10/2015,6489,PDB,4,ACTUAL
8/11/2015,6489,PDB,8,ACTUAL
8/12/2015,6489,PDB,2,ACTUAL
8/13/2015,6489,PDB,5,ACTUAL
8/14/2015,6489,PDB,3,ACTUAL
8/15/2015,6489,PDB,2,ACTUAL
8/16/2015,6489,PDB,10,ACTUAL
8/17/2015,6489,PDB,10,ACTUAL
8/18/2015,6489,PDB,6,ACTUAL
8/19/2015,6489,PDB,8,ACTUAL
8/20/2015,6489,PDB,7,ACTUAL
8/21/2015,6489,PDB,5,ACTUAL
8/22/2015,6489,PDB,2,ACTUAL
8/23/2015,6489,PDB,8,ACTUAL
8/24/2015,6489,PDB,3,ACTUAL
8/25/2015,6489,PDB,5,ACTUAL
8/26/2015,6489,PDB,4,ACTUAL
8/27/2015,6489,PDB,8,ACTUAL
8/28/2015,6489,PDB,3,ACTUAL
8/29/2015,6489,PDB,2,ACTUAL
8/30/2015,6489,PDB,11,ACTUAL
8/31/2015,6489,PDB,7,ACTUAL
9/1/2015,6489,PDB,5,ACTUAL
9/2/2015,6489,PDB,2,ACTUAL
9/3/2015,6489,PDB,7,ACTUAL
9/4/2015,6489,PDB,7,ACTUAL
9/5/2015,6489,PDB,5,ACTUAL
9/6/2015,6489,PDB,5,ACTUAL
9/7/2015,6489,PDB,5,ACTUAL
9/8/2015,6489,PDB,3,ACTUAL
9/9/2015,6489,PDB,3,ACTUAL
9/10/2015,6489,PDB,5,ACTUAL
9/11/2015,6489,PDB,4,ACTUAL
9/12/2015,6489,PDB,2,ACTUAL
9/13/2015,6489,PDB,8,ACTUAL
9/14/2015,6489,PDB,7,ACTUAL
9/15/2015,6489,PDB,5,ACTUAL
9/16/2015,6489,PDB,7,ACTUAL
9/17/2015,6489,PDB,5,ACTUAL
9/18/2015,6489,PDB,3,ACTUAL
9/19/2015,6489,PDB,1,ACTUAL
9/20/2015,6489,PDB,8,ACTUAL
9/21/2015,6489,PDB,7,ACTUAL
9/22/2015,6489,PDB,3,ACTUAL
9/23/2015,6489,PDB,3,ACTUAL
9/24/2015,6489,PDB,5,ACTUAL
9/25/2015,6489,PDB,0,ACTUAL
9/26/2015,6489,PDB,2,ACTUAL
9/27/2015,6489,PDB,8,ACTUAL
9/28/2015,6489,PDB,4,ACTUAL
9/29/2015,6489,PDB,4,ACTUAL
9/30/2015,6489,PDB,4,ACTUAL
10/1/2015,6489,PDB,2,ACTUAL
10/2/2015,6489,PDB,5,ACTUAL
10/3/2015,6489,PDB,2,ACTUAL
10/4/2015,6489,PDB,0,ACTUAL
10/5/2015,6489,PDB,9,ACTUAL
10/6/2015,6489,PDB,4,ACTUAL
10/7/2015,6489,PDB,0,ACTUAL
10/8/2015,6489,PDB,10,ACTUAL
10/9/2015,6489,PDB,4,ACTUAL
10/10/2015,6489,PDB,5,ACTUAL
10/11/2015,6489,PDB,3,ACTUAL
10/12/2015,6489,PDB,5,ACTUAL
10/13/2015,6489,PDB,5,ACTUAL
10/14/2015,6489,PDB,4,ACTUAL
10/15/2015,6489,PDB,4,ACTUAL
10/16/2015,6489,PDB,4,ACTUAL
10/17/2015,6489,PDB,2,ACTUAL
10/18/2015,6489,PDB,8,ACTUAL
10/19/2015,6489,PDB,4,ACTUAL
10/20/2015,6489,PDB,3,ACTUAL
10/21/2015,6489,PDB,4,ACTUAL
10/22/2015,6489,PDB,4,ACTUAL
10/23/2015,6489,PDB,0,ACTUAL
10/24/2015,6489,PDB,2,ACTUAL
10/25/2015,6489,PDB,8,ACTUAL
10/26/2015,6489,PDB,2,ACTUAL
10/27/2015,6489,PDB,5,ACTUAL
10/28/2015,6489,PDB,3,ACTUAL
10/29/2015,6489,PDB,2,ACTUAL
10/30/2015,6489,PDB,4,ACTUAL
10/31/2015,6489,PDB,1,ACTUAL
11/1/2015,6489,PDB,8,ACTUAL
11/2/2015,6489,PDB,3,ACTUAL
11/3/2015,6489,PDB,7,ACTUAL
11/4/2015,6489,PDB,3,ACTUAL
11/5/2015,6489,PDB,7,ACTUAL
11/6/2015,6489,PDB,2,ACTUAL
11/7/2015,6489,PDB,1,ACTUAL
11/8/2015,6489,PDB,10,ACTUAL
11/9/2015,6489,PDB,1,ACTUAL
11/10/2015,6489,PDB,8,ACTUAL
11/11/2015,6489,PDB,7,ACTUAL
11/12/2015,6489,PDB,3,ACTUAL
11/13/2015,6489,PDB,3,ACTUAL
11/14/2015,6489,PDB,5,ACTUAL
11/15/2015,6489,PDB,8,ACTUAL
11/16/2015,6489,PDB,4,ACTUAL
11/17/2015,6489,PDB,4,ACTUAL
11/18/2015,6489,PDB,4,ACTUAL
11/19/2015,6489,PDB,0,ACTUAL
11/20/2015,6489,PDB,1,ACTUAL
11/21/2015,6489,PDB,4,ACTUAL
11/22/2015,6489,PDB,8,ACTUAL
11/23/2015,6489,PDB,7,ACTUAL
11/24/2015,6489,PDB,3,ACTUAL
11/25/2015,6489,PDB,7,ACTUAL
11/26/2015,6489,PDB,0,ACTUAL
11/27/2015,6489,PDB,0,ACTUAL
11/28/2015,6489,PDB,1,ACTUAL
11/29/2015,6489,PDB,8,ACTUAL
11/30/2015,6489,PDB,0,ACTUAL
12/1/2015,6489,PDB,3,ACTUAL
12/2/2015,6489,PDB,4,ACTUAL
12/3/2015,6489,PDB,5,ACTUAL
12/4/2015,6489,PDB,4,ACTUAL
12/5/2015,6489,PDB,5,ACTUAL
12/6/2015,6489,PDB,7,ACTUAL
12/7/2015,6489,PDB,8,ACTUAL
12/8/2015,6489,PDB,8,ACTUAL
12/9/2015,6489,PDB,2,ACTUAL
12/10/2015,6489,PDB,7,ACTUAL
12/11/2015,6489,PDB,3,ACTUAL
12/12/2015,6489,PDB,4,ACTUAL
12/13/2015,6489,PDB,2,ACTUAL
12/14/2015,6489,PDB,2,ACTUAL
12/15/2015,6489,PDB,3,ACTUAL
12/16/2015,6489,PDB,2,ACTUAL
12/17/2015,6489,PDB,0,ACTUAL
12/18/2015,6489,PDB,2,ACTUAL
12/19/2015,6489,PDB,3,ACTUAL
12/20/2015,6489,PDB,8,ACTUAL
12/21/2015,6489,PDB,4,ACTUAL
12/22/2015,6489,PDB,1,ACTUAL
12/23/2015,6489,PDB,1,ACTUAL
12/24/2015,6489,PDB,3,ACTUAL
12/25/2015,6489,PDB,2,ACTUAL
12/26/2015,6489,PDB,2,ACTUAL
12/27/2015,6489,PDB,2,ACTUAL
12/28/2015,6489,PDB,3,ACTUAL
12/29/2015,6489,PDB,1,ACTUAL
12/30/2015,6489,PDB,3,ACTUAL
12/31/2015,6489,PDB,0,ACTUAL
1/1/2016,6489,PDB,0,ACTUAL
1/2/2016,6489,PDB,0,ACTUAL
1/3/2016,6489,PDB,0,ACTUAL
1/4/2016,6489,PDB,0,ACTUAL
1/5/2016,6489,PDB,0,ACTUAL
1/6/2016,6489,PDB,0,ACTUAL
1/7/2016,6489,PDB,0,ACTUAL
1/8/2016,6489,PDB,0,ACTUAL
1/9/2016,6489,PDB,0,ACTUAL
1/10/2016,6489,PDB,3,ACTUAL
1/11/2016,6489,PDB,4,ACTUAL
1/12/2016,6489,PDB,0,ACTUAL
1/13/2016,6489,PDB,0,ACTUAL
1/14/2016,6489,PDB,0,ACTUAL
1/2/2014,1285,SO,5,ACTUAL
1/3/2014,1285,SO,4,ACTUAL
1/4/2014,1285,SO,1,ACTUAL
1/5/2014,1285,SO,0,ACTUAL
1/6/2014,1285,SO,6,ACTUAL
1/7/2014,1285,SO,5,ACTUAL
1/8/2014,1285,SO,7,ACTUAL
1/9/2014,1285,SO,6,ACTUAL
1/10/2014,1285,SO,2,ACTUAL
1/11/2014,1285,SO,0,ACTUAL
1/12/2014,1285,SO,11,ACTUAL
1/13/2014,1285,SO,7,ACTUAL
1/14/2014,1285,SO,4,ACTUAL
1/15/2014,1285,SO,8,ACTUAL
1/16/2014,1285,SO,7,ACTUAL
1/17/2014,1285,SO,6,ACTUAL
1/18/2014,1285,SO,8,ACTUAL
1/19/2014,1285,SO,11,ACTUAL
1/20/2014,1285,SO,7,ACTUAL
1/21/2014,1285,SO,6,ACTUAL
1/22/2014,1285,SO,6,ACTUAL
1/23/2014,1285,SO,4,ACTUAL
1/24/2014,1285,SO,8,ACTUAL
1/25/2014,1285,SO,6,ACTUAL
1/26/2014,1285,SO,11,ACTUAL
1/27/2014,1285,SO,8,ACTUAL
1/28/2014,1285,SO,6,ACTUAL
1/29/2014,1285,SO,8,ACTUAL
1/30/2014,1285,SO,15,ACTUAL
1/31/2014,1285,SO,0,ACTUAL
2/1/2014,1285,SO,0,ACTUAL
2/2/2014,1285,SO,15,ACTUAL
2/3/2014,1285,SO,11,ACTUAL
2/4/2014,1285,SO,5,ACTUAL
2/5/2014,1285,SO,7,ACTUAL
2/6/2014,1285,SO,7,ACTUAL
2/7/2014,1285,SO,3,ACTUAL
2/8/2014,1285,SO,6,ACTUAL
2/9/2014,1285,SO,10,ACTUAL
2/10/2014,1285,SO,6,ACTUAL
2/11/2014,1285,SO,11,ACTUAL
2/12/2014,1285,SO,6,ACTUAL
2/13/2014,1285,SO,2,ACTUAL
2/14/2014,1285,SO,4,ACTUAL
2/15/2014,1285,SO,6,ACTUAL
2/16/2014,1285,SO,6,ACTUAL
2/17/2014,1285,SO,11,ACTUAL
2/18/2014,1285,SO,6,ACTUAL
2/19/2014,1285,SO,6,ACTUAL
2/20/2014,1285,SO,12,ACTUAL
2/21/2014,1285,SO,5,ACTUAL
2/22/2014,1285,SO,11,ACTUAL
2/23/2014,1285,SO,12,ACTUAL
2/24/2014,1285,SO,11,ACTUAL
2/25/2014,1285,SO,2,ACTUAL
2/26/2014,1285,SO,10,ACTUAL
2/27/2014,1285,SO,7,ACTUAL
2/28/2014,1285,SO,8,ACTUAL
3/1/2014,1285,SO,6,ACTUAL
3/2/2014,1285,SO,13,ACTUAL
3/3/2014,1285,SO,6,ACTUAL
3/4/2014,1285,SO,4,ACTUAL
3/5/2014,1285,SO,0,ACTUAL
3/6/2014,1285,SO,5,ACTUAL
3/7/2014,1285,SO,2,ACTUAL
3/8/2014,1285,SO,11,ACTUAL
3/9/2014,1285,SO,4,ACTUAL
3/10/2014,1285,SO,6,ACTUAL
3/11/2014,1285,SO,11,ACTUAL
3/12/2014,1285,SO,6,ACTUAL
3/13/2014,1285,SO,2,ACTUAL
3/14/2014,1285,SO,4,ACTUAL
3/15/2014,1285,SO,3,ACTUAL
3/16/2014,1285,SO,11,ACTUAL
3/17/2014,1285,SO,11,ACTUAL
3/18/2014,1285,SO,3,ACTUAL
3/19/2014,1285,SO,6,ACTUAL
3/20/2014,1285,SO,8,ACTUAL
3/21/2014,1285,SO,4,ACTUAL
3/22/2014,1285,SO,6,ACTUAL
3/23/2014,1285,SO,11,ACTUAL
3/24/2014,1285,SO,7,ACTUAL
3/25/2014,1285,SO,6,ACTUAL
3/26/2014,1285,SO,0,ACTUAL
3/27/2014,1285,SO,8,ACTUAL
3/28/2014,1285,SO,0,ACTUAL
3/29/2014,1285,SO,3,ACTUAL
3/30/2014,1285,SO,11,ACTUAL
3/31/2014,1285,SO,0,ACTUAL
4/1/2014,1285,SO,7,ACTUAL
4/2/2014,1285,SO,3,ACTUAL
4/3/2014,1285,SO,1,ACTUAL
4/4/2014,1285,SO,6,ACTUAL
4/5/2014,1285,SO,9,ACTUAL
4/6/2014,1285,SO,3,ACTUAL
4/7/2014,1285,SO,5,ACTUAL
4/8/2014,1285,SO,0,ACTUAL
4/9/2014,1285,SO,3,ACTUAL
4/10/2014,1285,SO,3,ACTUAL
4/11/2014,1285,SO,8,ACTUAL
4/12/2014,1285,SO,2,ACTUAL
4/13/2014,1285,SO,4,ACTUAL
4/14/2014,1285,SO,7,ACTUAL
4/15/2014,1285,SO,3,ACTUAL
4/16/2014,1285,SO,1,ACTUAL
4/17/2014,1285,SO,3,ACTUAL
4/18/2014,1285,SO,6,ACTUAL
4/19/2014,1285,SO,5,ACTUAL
4/20/2014,1285,SO,11,ACTUAL
4/21/2014,1285,SO,0,ACTUAL
4/22/2014,1285,SO,8,ACTUAL
4/23/2014,1285,SO,5,ACTUAL
4/24/2014,1285,SO,8,ACTUAL
4/25/2014,1285,SO,4,ACTUAL
4/26/2014,1285,SO,2,ACTUAL
4/27/2014,1285,SO,6,ACTUAL
4/28/2014,1285,SO,11,ACTUAL
4/29/2014,1285,SO,0,ACTUAL
4/30/2014,1285,SO,8,ACTUAL
5/1/2014,1285,SO,11,ACTUAL
5/2/2014,1285,SO,4,ACTUAL
5/3/2014,1285,SO,2,ACTUAL
5/4/2014,1285,SO,6,ACTUAL
5/5/2014,1285,SO,11,ACTUAL
5/6/2014,1285,SO,5,ACTUAL
5/7/2014,1285,SO,2,ACTUAL
5/8/2014,1285,SO,0,ACTUAL
5/9/2014,1285,SO,8,ACTUAL
5/10/2014,1285,SO,9,ACTUAL
5/11/2014,1285,SO,6,ACTUAL
5/12/2014,1285,SO,3,ACTUAL
5/13/2014,1285,SO,0,ACTUAL
5/14/2014,1285,SO,6,ACTUAL
5/15/2014,1285,SO,8,ACTUAL
5/16/2014,1285,SO,5,ACTUAL
5/17/2014,1285,SO,3,ACTUAL
5/18/2014,1285,SO,6,ACTUAL
5/19/2014,1285,SO,9,ACTUAL
5/20/2014,1285,SO,6,ACTUAL
5/21/2014,1285,SO,3,ACTUAL
5/22/2014,1285,SO,3,ACTUAL
5/23/2014,1285,SO,3,ACTUAL
5/24/2014,1285,SO,3,ACTUAL
5/25/2014,1285,SO,5,ACTUAL
5/26/2014,1285,SO,13,ACTUAL
5/27/2014,1285,SO,3,ACTUAL
5/28/2014,1285,SO,4,ACTUAL
5/29/2014,1285,SO,8,ACTUAL
5/30/2014,1285,SO,7,ACTUAL
5/31/2014,1285,SO,6,ACTUAL
6/1/2014,1285,SO,9,ACTUAL
6/2/2014,1285,SO,8,ACTUAL
6/3/2014,1285,SO,8,ACTUAL
6/4/2014,1285,SO,6,ACTUAL
6/5/2014,1285,SO,8,ACTUAL
6/6/2014,1285,SO,3,ACTUAL
6/7/2014,1285,SO,11,ACTUAL
6/8/2014,1285,SO,0,ACTUAL
6/9/2014,1285,SO,6,ACTUAL
6/10/2014,1285,SO,9,ACTUAL
6/11/2014,1285,SO,2,ACTUAL
6/12/2014,1285,SO,8,ACTUAL
6/13/2014,1285,SO,4,ACTUAL
6/14/2014,1285,SO,3,ACTUAL
6/15/2014,1285,SO,4,ACTUAL
6/16/2014,1285,SO,7,ACTUAL
6/17/2014,1285,SO,4,ACTUAL
6/18/2014,1285,SO,4,ACTUAL
6/19/2014,1285,SO,4,ACTUAL
6/20/2014,1285,SO,8,ACTUAL
6/21/2014,1285,SO,5,ACTUAL
6/22/2014,1285,SO,5,ACTUAL
6/23/2014,1285,SO,11,ACTUAL
6/24/2014,1285,SO,0,ACTUAL
6/25/2014,1285,SO,0,ACTUAL
6/26/2014,1285,SO,7,ACTUAL
6/27/2014,1285,SO,5,ACTUAL
6/28/2014,1285,SO,8,ACTUAL
6/29/2014,1285,SO,0,ACTUAL
6/30/2014,1285,SO,0,ACTUAL
7/1/2014,1285,SO,6,ACTUAL
7/2/2014,1285,SO,6,ACTUAL
7/3/2014,1285,SO,2,ACTUAL
7/4/2014,1285,SO,6,ACTUAL
7/5/2014,1285,SO,3,ACTUAL
7/6/2014,1285,SO,4,ACTUAL
7/7/2014,1285,SO,7,ACTUAL
7/8/2014,1285,SO,0,ACTUAL
7/9/2014,1285,SO,4,ACTUAL
7/10/2014,1285,SO,8,ACTUAL
7/11/2014,1285,SO,6,ACTUAL
7/12/2014,1285,SO,9,ACTUAL
7/13/2014,1285,SO,6,ACTUAL
7/14/2014,1285,SO,7,ACTUAL
7/15/2014,1285,SO,8,ACTUAL
7/16/2014,1285,SO,3,ACTUAL
7/17/2014,1285,SO,7,ACTUAL
7/18/2014,1285,SO,5,ACTUAL
7/19/2014,1285,SO,0,ACTUAL
7/20/2014,1285,SO,0,ACTUAL
7/21/2014,1285,SO,0,ACTUAL
7/22/2014,1285,SO,5,ACTUAL
7/23/2014,1285,SO,8,ACTUAL
7/24/2014,1285,SO,3,ACTUAL
7/25/2014,1285,SO,0,ACTUAL
7/26/2014,1285,SO,8,ACTUAL
7/27/2014,1285,SO,0,ACTUAL
7/28/2014,1285,SO,0,ACTUAL
7/29/2014,1285,SO,0,ACTUAL
7/30/2014,1285,SO,8,ACTUAL
7/31/2014,1285,SO,0,ACTUAL
8/1/2014,1285,SO,5,ACTUAL
8/2/2014,1285,SO,8,ACTUAL
8/3/2014,1285,SO,6,ACTUAL
8/4/2014,1285,SO,6,ACTUAL
8/5/2014,1285,SO,8,ACTUAL
8/6/2014,1285,SO,9,ACTUAL
8/7/2014,1285,SO,6,ACTUAL
8/8/2014,1285,SO,1,ACTUAL
8/9/2014,1285,SO,7,ACTUAL
8/10/2014,1285,SO,5,ACTUAL
8/11/2014,1285,SO,6,ACTUAL
8/12/2014,1285,SO,5,ACTUAL
8/13/2014,1285,SO,2,ACTUAL
8/14/2014,1285,SO,0,ACTUAL
8/15/2014,1285,SO,5,ACTUAL
8/16/2014,1285,SO,4,ACTUAL
8/17/2014,1285,SO,11,ACTUAL
8/18/2014,1285,SO,7,ACTUAL
8/19/2014,1285,SO,5,ACTUAL
8/20/2014,1285,SO,0,ACTUAL
8/21/2014,1285,SO,8,ACTUAL
8/22/2014,1285,SO,6,ACTUAL
8/23/2014,1285,SO,3,ACTUAL
8/24/2014,1285,SO,10,ACTUAL
8/25/2014,1285,SO,9,ACTUAL
8/26/2014,1285,SO,0,ACTUAL
8/27/2014,1285,SO,3,ACTUAL
8/28/2014,1285,SO,4,ACTUAL
8/29/2014,1285,SO,5,ACTUAL
8/30/2014,1285,SO,2,ACTUAL
8/31/2014,1285,SO,7,ACTUAL
9/1/2014,1285,SO,6,ACTUAL
9/2/2014,1285,SO,2,ACTUAL
9/3/2014,1285,SO,11,ACTUAL
9/4/2014,1285,SO,2,ACTUAL
9/5/2014,1285,SO,5,ACTUAL
9/6/2014,1285,SO,11,ACTUAL
9/7/2014,1285,SO,6,ACTUAL
9/8/2014,1285,SO,8,ACTUAL
9/9/2014,1285,SO,3,ACTUAL
9/10/2014,1285,SO,8,ACTUAL
9/11/2014,1285,SO,7,ACTUAL
9/12/2014,1285,SO,8,ACTUAL
9/13/2014,1285,SO,7,ACTUAL
9/14/2014,1285,SO,11,ACTUAL
9/15/2014,1285,SO,11,ACTUAL
9/16/2014,1285,SO,5,ACTUAL
9/17/2014,1285,SO,3,ACTUAL
9/18/2014,1285,SO,5,ACTUAL
9/19/2014,1285,SO,4,ACTUAL
9/20/2014,1285,SO,4,ACTUAL
9/21/2014,1285,SO,4,ACTUAL
9/22/2014,1285,SO,4,ACTUAL
9/23/2014,1285,SO,8,ACTUAL
9/24/2014,1285,SO,3,ACTUAL
9/25/2014,1285,SO,1,ACTUAL
9/26/2014,1285,SO,3,ACTUAL
9/27/2014,1285,SO,5,ACTUAL
9/28/2014,1285,SO,2,ACTUAL
9/29/2014,1285,SO,9,ACTUAL
9/30/2014,1285,SO,7,ACTUAL
10/1/2014,1285,SO,3,ACTUAL
10/2/2014,1285,SO,7,ACTUAL
10/3/2014,1285,SO,3,ACTUAL
10/4/2014,1285,SO,6,ACTUAL
10/5/2014,1285,SO,2,ACTUAL
10/6/2014,1285,SO,8,ACTUAL
10/7/2014,1285,SO,3,ACTUAL
10/8/2014,1285,SO,10,ACTUAL
10/9/2014,1285,SO,5,ACTUAL
10/10/2014,1285,SO,6,ACTUAL
10/11/2014,1285,SO,7,ACTUAL
10/12/2014,1285,SO,6,ACTUAL
10/13/2014,1285,SO,11,ACTUAL
10/14/2014,1285,SO,8,ACTUAL
10/15/2014,1285,SO,8,ACTUAL
10/16/2014,1285,SO,7,ACTUAL
10/17/2014,1285,SO,8,ACTUAL
10/18/2014,1285,SO,5,ACTUAL
10/19/2014,1285,SO,11,ACTUAL
10/20/2014,1285,SO,11,ACTUAL
10/21/2014,1285,SO,7,ACTUAL
10/22/2014,1285,SO,10,ACTUAL
10/23/2014,1285,SO,4,ACTUAL
10/24/2014,1285,SO,0,ACTUAL
10/25/2014,1285,SO,0,ACTUAL
10/26/2014,1285,SO,9,ACTUAL
10/27/2014,1285,SO,4,ACTUAL
10/28/2014,1285,SO,7,ACTUAL
10/29/2014,1285,SO,6,ACTUAL
10/30/2014,1285,SO,8,ACTUAL
10/31/2014,1285,SO,6,ACTUAL
11/1/2014,1285,SO,8,ACTUAL
11/2/2014,1285,SO,0,ACTUAL
11/3/2014,1285,SO,6,ACTUAL
11/4/2014,1285,SO,5,ACTUAL
11/5/2014,1285,SO,11,ACTUAL
11/6/2014,1285,SO,8,ACTUAL
11/7/2014,1285,SO,3,ACTUAL
11/8/2014,1285,SO,0,ACTUAL
11/9/2014,1285,SO,7,ACTUAL
11/10/2014,1285,SO,3,ACTUAL
11/11/2014,1285,SO,8,ACTUAL
11/12/2014,1285,SO,7,ACTUAL
11/13/2014,1285,SO,7,ACTUAL
11/14/2014,1285,SO,5,ACTUAL
11/15/2014,1285,SO,5,ACTUAL
11/16/2014,1285,SO,7,ACTUAL
11/17/2014,1285,SO,7,ACTUAL
11/18/2014,1285,SO,4,ACTUAL
11/19/2014,1285,SO,8,ACTUAL
11/20/2014,1285,SO,8,ACTUAL
11/21/2014,1285,SO,6,ACTUAL
11/22/2014,1285,SO,5,ACTUAL
11/23/2014,1285,SO,6,ACTUAL
11/24/2014,1285,SO,7,ACTUAL
11/25/2014,1285,SO,6,ACTUAL
11/26/2014,1285,SO,7,ACTUAL
11/27/2014,1285,SO,4,ACTUAL
11/28/2014,1285,SO,8,ACTUAL
11/29/2014,1285,SO,6,ACTUAL
11/30/2014,1285,SO,6,ACTUAL
12/1/2014,1285,SO,11,ACTUAL
12/2/2014,1285,SO,0,ACTUAL
12/3/2014,1285,SO,6,ACTUAL
12/4/2014,1285,SO,2,ACTUAL
12/5/2014,1285,SO,0,ACTUAL
12/6/2014,1285,SO,4,ACTUAL
12/7/2014,1285,SO,6,ACTUAL
12/8/2014,1285,SO,8,ACTUAL
12/9/2014,1285,SO,4,ACTUAL
12/10/2014,1285,SO,11,ACTUAL
12/11/2014,1285,SO,6,ACTUAL
12/12/2014,1285,SO,10,ACTUAL
12/13/2014,1285,SO,0,ACTUAL
12/14/2014,1285,SO,2,ACTUAL
12/15/2014,1285,SO,7,ACTUAL
12/16/2014,1285,SO,1,ACTUAL
12/17/2014,1285,SO,6,ACTUAL
12/18/2014,1285,SO,0,ACTUAL
12/19/2014,1285,SO,0,ACTUAL
12/20/2014,1285,SO,2,ACTUAL
12/21/2014,1285,SO,9,ACTUAL
12/22/2014,1285,SO,2,ACTUAL
12/23/2014,1285,SO,7,ACTUAL
12/24/2014,1285,SO,1,ACTUAL
12/25/2014,1285,SO,5,ACTUAL
12/26/2014,1285,SO,6,ACTUAL
12/27/2014,1285,SO,9,ACTUAL
12/28/2014,1285,SO,2,ACTUAL
12/29/2014,1285,SO,7,ACTUAL
12/30/2014,1285,SO,6,ACTUAL
12/31/2014,1285,SO,6,ACTUAL
1/1/2015,1285,SO,6,ACTUAL
1/2/2015,1285,SO,9,ACTUAL
1/3/2015,1285,SO,8,ACTUAL
1/4/2015,1285,SO,0,ACTUAL
1/5/2015,1285,SO,0,ACTUAL
1/6/2015,1285,SO,0,ACTUAL
1/7/2015,1285,SO,0,ACTUAL
1/8/2015,1285,SO,2,ACTUAL
1/9/2015,1285,SO,6,ACTUAL
1/10/2015,1285,SO,0,ACTUAL
1/11/2015,1285,SO,4,ACTUAL
1/12/2015,1285,SO,3,ACTUAL
1/13/2015,1285,SO,6,ACTUAL
1/14/2015,1285,SO,6,ACTUAL
1/15/2015,1285,SO,6,ACTUAL
1/16/2015,1285,SO,3,ACTUAL
1/17/2015,1285,SO,6,ACTUAL
1/18/2015,1285,SO,0,ACTUAL
1/19/2015,1285,SO,0,ACTUAL
1/20/2015,1285,SO,6,ACTUAL
1/21/2015,1285,SO,6,ACTUAL
1/22/2015,1285,SO,3,ACTUAL
1/23/2015,1285,SO,6,ACTUAL
1/24/2015,1285,SO,6,ACTUAL
1/25/2015,1285,SO,8,ACTUAL
1/26/2015,1285,SO,8,ACTUAL
1/27/2015,1285,SO,6,ACTUAL
1/28/2015,1285,SO,6,ACTUAL
1/29/2015,1285,SO,6,ACTUAL
1/30/2015,1285,SO,0,ACTUAL
1/31/2015,1285,SO,6,ACTUAL
2/1/2015,1285,SO,0,ACTUAL
2/2/2015,1285,SO,3,ACTUAL
2/3/2015,1285,SO,8,ACTUAL
2/4/2015,1285,SO,3,ACTUAL
2/5/2015,1285,SO,0,ACTUAL
2/6/2015,1285,SO,3,ACTUAL
2/7/2015,1285,SO,6,ACTUAL
2/8/2015,1285,SO,1,ACTUAL
2/9/2015,1285,SO,6,ACTUAL
2/10/2015,1285,SO,1,ACTUAL
2/11/2015,1285,SO,11,ACTUAL
2/12/2015,1285,SO,6,ACTUAL
2/13/2015,1285,SO,2,ACTUAL
2/14/2015,1285,SO,5,ACTUAL
2/15/2015,1285,SO,9,ACTUAL
2/16/2015,1285,SO,0,ACTUAL
2/17/2015,1285,SO,8,ACTUAL
2/18/2015,1285,SO,15,ACTUAL
2/19/2015,1285,SO,0,ACTUAL
2/20/2015,1285,SO,10,ACTUAL
2/21/2015,1285,SO,23,ACTUAL
2/22/2015,1285,SO,14,ACTUAL
2/23/2015,1285,SO,11,ACTUAL
2/24/2015,1285,SO,8,ACTUAL
2/25/2015,1285,SO,6,ACTUAL
2/26/2015,1285,SO,6,ACTUAL
2/27/2015,1285,SO,1,ACTUAL
2/28/2015,1285,SO,6,ACTUAL
3/1/2015,1285,SO,3,ACTUAL
3/2/2015,1285,SO,4,ACTUAL
3/3/2015,1285,SO,4,ACTUAL
3/4/2015,1285,SO,2,ACTUAL
3/5/2015,1285,SO,0,ACTUAL
3/6/2015,1285,SO,1,ACTUAL
3/7/2015,1285,SO,1,ACTUAL
3/8/2015,1285,SO,3,ACTUAL
3/9/2015,1285,SO,4,ACTUAL
3/10/2015,1285,SO,2,ACTUAL
3/11/2015,1285,SO,2,ACTUAL
3/12/2015,1285,SO,6,ACTUAL
3/13/2015,1285,SO,5,ACTUAL
3/14/2015,1285,SO,6,ACTUAL
3/15/2015,1285,SO,7,ACTUAL
3/16/2015,1285,SO,5,ACTUAL
3/17/2015,1285,SO,5,ACTUAL
3/18/2015,1285,SO,4,ACTUAL
3/19/2015,1285,SO,6,ACTUAL
3/20/2015,1285,SO,6,ACTUAL
3/21/2015,1285,SO,0,ACTUAL
3/22/2015,1285,SO,7,ACTUAL
3/23/2015,1285,SO,11,ACTUAL
3/24/2015,1285,SO,6,ACTUAL
3/25/2015,1285,SO,6,ACTUAL
3/26/2015,1285,SO,6,ACTUAL
3/27/2015,1285,SO,6,ACTUAL
3/28/2015,1285,SO,6,ACTUAL
3/29/2015,1285,SO,0,ACTUAL
3/30/2015,1285,SO,0,ACTUAL
3/31/2015,1285,SO,6,ACTUAL
4/1/2015,1285,SO,2,ACTUAL
4/2/2015,1285,SO,6,ACTUAL
4/3/2015,1285,SO,3,ACTUAL
4/4/2015,1285,SO,6,ACTUAL
4/5/2015,1285,SO,0,ACTUAL
4/6/2015,1285,SO,2,ACTUAL
4/7/2015,1285,SO,4,ACTUAL
4/8/2015,1285,SO,1,ACTUAL
4/9/2015,1285,SO,1,ACTUAL
4/10/2015,1285,SO,11,ACTUAL
4/11/2015,1285,SO,3,ACTUAL
4/12/2015,1285,SO,6,ACTUAL
4/13/2015,1285,SO,2,ACTUAL
4/14/2015,1285,SO,2,ACTUAL
4/15/2015,1285,SO,3,ACTUAL
4/16/2015,1285,SO,6,ACTUAL
4/17/2015,1285,SO,3,ACTUAL
4/18/2015,1285,SO,6,ACTUAL
4/19/2015,1285,SO,5,ACTUAL
4/20/2015,1285,SO,4,ACTUAL
4/21/2015,1285,SO,6,ACTUAL
4/22/2015,1285,SO,3,ACTUAL
4/23/2015,1285,SO,6,ACTUAL
4/24/2015,1285,SO,6,ACTUAL
4/25/2015,1285,SO,4,ACTUAL
4/26/2015,1285,SO,3,ACTUAL
4/27/2015,1285,SO,8,ACTUAL
4/28/2015,1285,SO,8,ACTUAL
4/29/2015,1285,SO,0,ACTUAL
4/30/2015,1285,SO,0,ACTUAL
5/1/2015,1285,SO,11,ACTUAL
5/2/2015,1285,SO,6,ACTUAL
5/3/2015,1285,SO,6,ACTUAL
5/4/2015,1285,SO,7,ACTUAL
5/5/2015,1285,SO,6,ACTUAL
5/6/2015,1285,SO,1,ACTUAL
5/7/2015,1285,SO,2,ACTUAL
5/8/2015,1285,SO,2,ACTUAL
5/9/2015,1285,SO,3,ACTUAL
5/10/2015,1285,SO,7,ACTUAL
5/11/2015,1285,SO,0,ACTUAL
5/12/2015,1285,SO,3,ACTUAL
5/13/2015,1285,SO,2,ACTUAL
5/14/2015,1285,SO,2,ACTUAL
5/15/2015,1285,SO,0,ACTUAL
5/16/2015,1285,SO,3,ACTUAL
5/17/2015,1285,SO,7,ACTUAL
5/18/2015,1285,SO,9,ACTUAL
5/19/2015,1285,SO,2,ACTUAL
5/20/2015,1285,SO,6,ACTUAL
5/21/2015,1285,SO,4,ACTUAL
5/22/2015,1285,SO,6,ACTUAL
5/23/2015,1285,SO,6,ACTUAL
5/24/2015,1285,SO,9,ACTUAL
5/25/2015,1285,SO,0,ACTUAL
5/26/2015,1285,SO,6,ACTUAL
5/27/2015,1285,SO,3,ACTUAL
5/28/2015,1285,SO,6,ACTUAL
5/29/2015,1285,SO,6,ACTUAL
5/30/2015,1285,SO,6,ACTUAL
5/31/2015,1285,SO,9,ACTUAL
6/1/2015,1285,SO,5,ACTUAL
6/2/2015,1285,SO,6,ACTUAL
6/3/2015,1285,SO,2,ACTUAL
6/4/2015,1285,SO,7,ACTUAL
6/5/2015,1285,SO,3,ACTUAL
6/6/2015,1285,SO,1,ACTUAL
6/7/2015,1285,SO,3,ACTUAL
6/8/2015,1285,SO,2,ACTUAL
6/9/2015,1285,SO,7,ACTUAL
6/10/2015,1285,SO,5,ACTUAL
6/11/2015,1285,SO,0,ACTUAL
6/12/2015,1285,SO,0,ACTUAL
6/13/2015,1285,SO,0,ACTUAL
6/14/2015,1285,SO,4,ACTUAL
6/15/2015,1285,SO,3,ACTUAL
6/16/2015,1285,SO,3,ACTUAL
6/17/2015,1285,SO,1,ACTUAL
6/18/2015,1285,SO,1,ACTUAL
6/19/2015,1285,SO,1,ACTUAL
6/20/2015,1285,SO,2,ACTUAL
6/21/2015,1285,SO,0,ACTUAL
6/22/2015,1285,SO,2,ACTUAL
6/23/2015,1285,SO,1,ACTUAL
6/24/2015,1285,SO,6,ACTUAL
6/25/2015,1285,SO,6,ACTUAL
6/26/2015,1285,SO,4,ACTUAL
6/27/2015,1285,SO,1,ACTUAL
6/28/2015,1285,SO,4,ACTUAL
6/29/2015,1285,SO,1,ACTUAL
6/30/2015,1285,SO,1,ACTUAL
7/1/2015,1285,SO,6,ACTUAL
7/2/2015,1285,SO,5,ACTUAL
7/3/2015,1285,SO,2,ACTUAL
7/4/2015,1285,SO,0,ACTUAL
7/5/2015,1285,SO,3,ACTUAL
7/6/2015,1285,SO,2,ACTUAL
7/7/2015,1285,SO,6,ACTUAL
7/8/2015,1285,SO,6,ACTUAL
7/9/2015,1285,SO,1,ACTUAL
7/10/2015,1285,SO,3,ACTUAL
7/11/2015,1285,SO,3,ACTUAL
7/12/2015,1285,SO,6,ACTUAL
7/13/2015,1285,SO,1,ACTUAL
7/14/2015,1285,SO,1,ACTUAL
7/15/2015,1285,SO,2,ACTUAL
7/16/2015,1285,SO,0,ACTUAL
7/17/2015,1285,SO,0,ACTUAL
7/18/2015,1285,SO,4,ACTUAL
7/19/2015,1285,SO,2,ACTUAL
7/20/2015,1285,SO,4,ACTUAL
7/21/2015,1285,SO,2,ACTUAL
7/22/2015,1285,SO,3,ACTUAL
7/23/2015,1285,SO,2,ACTUAL
7/24/2015,1285,SO,1,ACTUAL
7/25/2015,1285,SO,2,ACTUAL
7/26/2015,1285,SO,1,ACTUAL
7/27/2015,1285,SO,3,ACTUAL
7/28/2015,1285,SO,4,ACTUAL
7/29/2015,1285,SO,3,ACTUAL
7/30/2015,1285,SO,3,ACTUAL
7/31/2015,1285,SO,2,ACTUAL
8/1/2015,1285,SO,4,ACTUAL
8/2/2015,1285,SO,11,ACTUAL
8/3/2015,1285,SO,2,ACTUAL
8/4/2015,1285,SO,6,ACTUAL
8/5/2015,1285,SO,4,ACTUAL
8/6/2015,1285,SO,0,ACTUAL
8/7/2015,1285,SO,3,ACTUAL
8/8/2015,1285,SO,2,ACTUAL
8/9/2015,1285,SO,6,ACTUAL
8/10/2015,1285,SO,6,ACTUAL
8/11/2015,1285,SO,8,ACTUAL
8/12/2015,1285,SO,2,ACTUAL
8/13/2015,1285,SO,4,ACTUAL
8/14/2015,1285,SO,2,ACTUAL
8/15/2015,1285,SO,2,ACTUAL
8/16/2015,1285,SO,3,ACTUAL
8/17/2015,1285,SO,7,ACTUAL
8/18/2015,1285,SO,3,ACTUAL
8/19/2015,1285,SO,2,ACTUAL
8/20/2015,1285,SO,2,ACTUAL
8/21/2015,1285,SO,2,ACTUAL
8/22/2015,1285,SO,3,ACTUAL
8/23/2015,1285,SO,7,ACTUAL
8/24/2015,1285,SO,0,ACTUAL
8/25/2015,1285,SO,7,ACTUAL
8/26/2015,1285,SO,2,ACTUAL
8/27/2015,1285,SO,6,ACTUAL
8/28/2015,1285,SO,2,ACTUAL
8/29/2015,1285,SO,6,ACTUAL
8/30/2015,1285,SO,7,ACTUAL
8/31/2015,1285,SO,3,ACTUAL
9/1/2015,1285,SO,6,ACTUAL
9/2/2015,1285,SO,1,ACTUAL
9/3/2015,1285,SO,7,ACTUAL
9/4/2015,1285,SO,0,ACTUAL
9/5/2015,1285,SO,6,ACTUAL
9/6/2015,1285,SO,3,ACTUAL
9/7/2015,1285,SO,5,ACTUAL
9/8/2015,1285,SO,0,ACTUAL
9/9/2015,1285,SO,2,ACTUAL
9/10/2015,1285,SO,2,ACTUAL
9/11/2015,1285,SO,4,ACTUAL
9/12/2015,1285,SO,5,ACTUAL
9/13/2015,1285,SO,3,ACTUAL
9/14/2015,1285,SO,7,ACTUAL
9/15/2015,1285,SO,0,ACTUAL
9/16/2015,1285,SO,6,ACTUAL
9/17/2015,1285,SO,3,ACTUAL
9/18/2015,1285,SO,6,ACTUAL
9/19/2015,1285,SO,2,ACTUAL
9/20/2015,1285,SO,7,ACTUAL
9/21/2015,1285,SO,2,ACTUAL
9/22/2015,1285,SO,2,ACTUAL
9/23/2015,1285,SO,2,ACTUAL
9/24/2015,1285,SO,1,ACTUAL
9/25/2015,1285,SO,3,ACTUAL
9/26/2015,1285,SO,5,ACTUAL
9/27/2015,1285,SO,3,ACTUAL
9/28/2015,1285,SO,1,ACTUAL
9/29/2015,1285,SO,8,ACTUAL
9/30/2015,1285,SO,2,ACTUAL
10/1/2015,1285,SO,6,ACTUAL
10/2/2015,1285,SO,8,ACTUAL
10/3/2015,1285,SO,6,ACTUAL
10/4/2015,1285,SO,6,ACTUAL
10/5/2015,1285,SO,9,ACTUAL
10/6/2015,1285,SO,3,ACTUAL
10/7/2015,1285,SO,1,ACTUAL
10/8/2015,1285,SO,7,ACTUAL
10/9/2015,1285,SO,2,ACTUAL
10/10/2015,1285,SO,4,ACTUAL
10/11/2015,1285,SO,3,ACTUAL
10/12/2015,1285,SO,6,ACTUAL
10/13/2015,1285,SO,3,ACTUAL
10/14/2015,1285,SO,1,ACTUAL
10/15/2015,1285,SO,1,ACTUAL
10/16/2015,1285,SO,1,ACTUAL
10/17/2015,1285,SO,2,ACTUAL
10/18/2015,1285,SO,3,ACTUAL
10/19/2015,1285,SO,7,ACTUAL
10/20/2015,1285,SO,2,ACTUAL
10/21/2015,1285,SO,5,ACTUAL
10/22/2015,1285,SO,3,ACTUAL
10/23/2015,1285,SO,3,ACTUAL
10/24/2015,1285,SO,6,ACTUAL
10/25/2015,1285,SO,7,ACTUAL
10/26/2015,1285,SO,7,ACTUAL
10/27/2015,1285,SO,6,ACTUAL
10/28/2015,1285,SO,1,ACTUAL
10/29/2015,1285,SO,6,ACTUAL
10/30/2015,1285,SO,3,ACTUAL
10/31/2015,1285,SO,2,ACTUAL
11/1/2015,1285,SO,7,ACTUAL
11/2/2015,1285,SO,4,ACTUAL
11/3/2015,1285,SO,6,ACTUAL
11/4/2015,1285,SO,0,ACTUAL
11/5/2015,1285,SO,9,ACTUAL
11/6/2015,1285,SO,3,ACTUAL
11/7/2015,1285,SO,1,ACTUAL
11/8/2015,1285,SO,2,ACTUAL
11/9/2015,1285,SO,3,ACTUAL
11/10/2015,1285,SO,3,ACTUAL
11/11/2015,1285,SO,6,ACTUAL
11/12/2015,1285,SO,4,ACTUAL
11/13/2015,1285,SO,6,ACTUAL
11/14/2015,1285,SO,1,ACTUAL
11/15/2015,1285,SO,9,ACTUAL
11/16/2015,1285,SO,3,ACTUAL
11/17/2015,1285,SO,4,ACTUAL
11/18/2015,1285,SO,3,ACTUAL
11/19/2015,1285,SO,5,ACTUAL
11/20/2015,1285,SO,3,ACTUAL
11/21/2015,1285,SO,6,ACTUAL
11/22/2015,1285,SO,3,ACTUAL
11/23/2015,1285,SO,11,ACTUAL
11/24/2015,1285,SO,3,ACTUAL
11/25/2015,1285,SO,6,ACTUAL
11/26/2015,1285,SO,0,ACTUAL
11/27/2015,1285,SO,4,ACTUAL
11/28/2015,1285,SO,3,ACTUAL
11/29/2015,1285,SO,2,ACTUAL
11/30/2015,1285,SO,6,ACTUAL
12/1/2015,1285,SO,7,ACTUAL
12/2/2015,1285,SO,6,ACTUAL
12/3/2015,1285,SO,3,ACTUAL
12/4/2015,1285,SO,7,ACTUAL
12/5/2015,1285,SO,1,ACTUAL
12/6/2015,1285,SO,3,ACTUAL
12/7/2015,1285,SO,1,ACTUAL
12/8/2015,1285,SO,3,ACTUAL
12/9/2015,1285,SO,2,ACTUAL
12/10/2015,1285,SO,7,ACTUAL
12/11/2015,1285,SO,6,ACTUAL
12/12/2015,1285,SO,3,ACTUAL
12/13/2015,1285,SO,11,ACTUAL
12/14/2015,1285,SO,13,ACTUAL
12/15/2015,1285,SO,8,ACTUAL
12/16/2015,1285,SO,8,ACTUAL
12/17/2015,1285,SO,6,ACTUAL
12/18/2015,1285,SO,5,ACTUAL
12/19/2015,1285,SO,6,ACTUAL
12/20/2015,1285,SO,10,ACTUAL
12/21/2015,1285,SO,11,ACTUAL
12/22/2015,1285,SO,6,ACTUAL
12/23/2015,1285,SO,3,ACTUAL
12/24/2015,1285,SO,1,ACTUAL
12/25/2015,1285,SO,2,ACTUAL
12/26/2015,1285,SO,6,ACTUAL
12/27/2015,1285,SO,5,ACTUAL
12/28/2015,1285,SO,0,ACTUAL
12/29/2015,1285,SO,2,ACTUAL
12/30/2015,1285,SO,2,ACTUAL
12/31/2015,1285,SO,0,ACTUAL
1/1/2016,1285,SO,0,ACTUAL
1/2/2016,1285,SO,0,ACTUAL
1/3/2016,1285,SO,0,ACTUAL
1/4/2016,1285,SO,0,ACTUAL
1/5/2016,1285,SO,0,ACTUAL
1/6/2016,1285,SO,0,ACTUAL
1/7/2016,1285,SO,0,ACTUAL
1/8/2016,1285,SO,0,ACTUAL
1/9/2016,1285,SO,0,ACTUAL
1/10/2016,1285,SO,1,ACTUAL
1/11/2016,1285,SO,3,ACTUAL
1/12/2016,1285,SO,0,ACTUAL
1/13/2016,1285,SO,0,ACTUAL
1/14/2016,1285,SO,0,ACTUAL
1/2/2014,2275,WHM,0,ACTUAL
1/3/2014,2275,WHM,3,ACTUAL
1/4/2014,2275,WHM,10,ACTUAL
1/5/2014,2275,WHM,4,ACTUAL
1/6/2014,2275,WHM,7,ACTUAL
1/7/2014,2275,WHM,6,ACTUAL
1/8/2014,2275,WHM,10,ACTUAL
1/9/2014,2275,WHM,10,ACTUAL
1/10/2014,2275,WHM,10,ACTUAL
1/11/2014,2275,WHM,7,ACTUAL
1/12/2014,2275,WHM,9,ACTUAL
1/13/2014,2275,WHM,9,ACTUAL
1/14/2014,2275,WHM,6,ACTUAL
1/15/2014,2275,WHM,8,ACTUAL
1/16/2014,2275,WHM,7,ACTUAL
1/17/2014,2275,WHM,4,ACTUAL
1/18/2014,2275,WHM,8,ACTUAL
1/19/2014,2275,WHM,9,ACTUAL
1/20/2014,2275,WHM,7,ACTUAL
1/21/2014,2275,WHM,5,ACTUAL
1/22/2014,2275,WHM,9,ACTUAL
1/23/2014,2275,WHM,7,ACTUAL
1/24/2014,2275,WHM,6,ACTUAL
1/25/2014,2275,WHM,9,ACTUAL
1/26/2014,2275,WHM,4,ACTUAL
1/27/2014,2275,WHM,7,ACTUAL
1/28/2014,2275,WHM,10,ACTUAL
1/29/2014,2275,WHM,10,ACTUAL
1/30/2014,2275,WHM,13,ACTUAL
1/31/2014,2275,WHM,0,ACTUAL
2/1/2014,2275,WHM,6,ACTUAL
2/2/2014,2275,WHM,7,ACTUAL
2/3/2014,2275,WHM,9,ACTUAL
2/4/2014,2275,WHM,9,ACTUAL
2/5/2014,2275,WHM,3,ACTUAL
2/6/2014,2275,WHM,7,ACTUAL
2/7/2014,2275,WHM,8,ACTUAL
2/8/2014,2275,WHM,0,ACTUAL
2/9/2014,2275,WHM,4,ACTUAL
2/10/2014,2275,WHM,5,ACTUAL
2/11/2014,2275,WHM,5,ACTUAL
2/12/2014,2275,WHM,2,ACTUAL
2/13/2014,2275,WHM,3,ACTUAL
2/14/2014,2275,WHM,1,ACTUAL
2/15/2014,2275,WHM,4,ACTUAL
2/16/2014,2275,WHM,10,ACTUAL
2/17/2014,2275,WHM,10,ACTUAL
2/18/2014,2275,WHM,9,ACTUAL
2/19/2014,2275,WHM,6,ACTUAL
2/20/2014,2275,WHM,7,ACTUAL
2/21/2014,2275,WHM,8,ACTUAL
2/22/2014,2275,WHM,10,ACTUAL
2/23/2014,2275,WHM,8,ACTUAL
2/24/2014,2275,WHM,10,ACTUAL
2/25/2014,2275,WHM,9,ACTUAL
2/26/2014,2275,WHM,7,ACTUAL
2/27/2014,2275,WHM,8,ACTUAL
2/28/2014,2275,WHM,10,ACTUAL
3/1/2014,2275,WHM,7,ACTUAL
3/2/2014,2275,WHM,7,ACTUAL
3/3/2014,2275,WHM,14,ACTUAL
3/4/2014,2275,WHM,9,ACTUAL
3/5/2014,2275,WHM,6,ACTUAL
3/6/2014,2275,WHM,4,ACTUAL
3/7/2014,2275,WHM,4,ACTUAL
3/8/2014,2275,WHM,5,ACTUAL
3/9/2014,2275,WHM,5,ACTUAL
3/10/2014,2275,WHM,4,ACTUAL
3/11/2014,2275,WHM,10,ACTUAL
3/12/2014,2275,WHM,9,ACTUAL
3/13/2014,2275,WHM,6,ACTUAL
3/14/2014,2275,WHM,4,ACTUAL
3/15/2014,2275,WHM,3,ACTUAL
3/16/2014,2275,WHM,8,ACTUAL
3/17/2014,2275,WHM,9,ACTUAL
3/18/2014,2275,WHM,8,ACTUAL
3/19/2014,2275,WHM,2,ACTUAL
3/20/2014,2275,WHM,4,ACTUAL
3/21/2014,2275,WHM,7,ACTUAL
3/22/2014,2275,WHM,3,ACTUAL
3/23/2014,2275,WHM,10,ACTUAL
3/24/2014,2275,WHM,6,ACTUAL
3/25/2014,2275,WHM,9,ACTUAL
3/26/2014,2275,WHM,9,ACTUAL
3/27/2014,2275,WHM,7,ACTUAL
3/28/2014,2275,WHM,7,ACTUAL
3/29/2014,2275,WHM,9,ACTUAL
3/30/2014,2275,WHM,9,ACTUAL
3/31/2014,2275,WHM,9,ACTUAL
4/1/2014,2275,WHM,6,ACTUAL
4/2/2014,2275,WHM,0,ACTUAL
4/3/2014,2275,WHM,10,ACTUAL
4/4/2014,2275,WHM,9,ACTUAL
4/5/2014,2275,WHM,5,ACTUAL
4/6/2014,2275,WHM,7,ACTUAL
4/7/2014,2275,WHM,4,ACTUAL
4/8/2014,2275,WHM,13,ACTUAL
4/9/2014,2275,WHM,7,ACTUAL
4/10/2014,2275,WHM,6,ACTUAL
4/11/2014,2275,WHM,2,ACTUAL
4/12/2014,2275,WHM,4,ACTUAL
4/13/2014,2275,WHM,6,ACTUAL
4/14/2014,2275,WHM,7,ACTUAL
4/15/2014,2275,WHM,4,ACTUAL
4/16/2014,2275,WHM,9,ACTUAL
4/17/2014,2275,WHM,3,ACTUAL
4/18/2014,2275,WHM,5,ACTUAL
4/19/2014,2275,WHM,7,ACTUAL
4/20/2014,2275,WHM,10,ACTUAL
4/21/2014,2275,WHM,9,ACTUAL
4/22/2014,2275,WHM,8,ACTUAL
4/23/2014,2275,WHM,7,ACTUAL
4/24/2014,2275,WHM,9,ACTUAL
4/25/2014,2275,WHM,6,ACTUAL
4/26/2014,2275,WHM,7,ACTUAL
4/27/2014,2275,WHM,10,ACTUAL
4/28/2014,2275,WHM,5,ACTUAL
4/29/2014,2275,WHM,4,ACTUAL
4/30/2014,2275,WHM,7,ACTUAL
5/1/2014,2275,WHM,9,ACTUAL
5/2/2014,2275,WHM,9,ACTUAL
5/3/2014,2275,WHM,9,ACTUAL
5/4/2014,2275,WHM,6,ACTUAL
5/5/2014,2275,WHM,9,ACTUAL
5/6/2014,2275,WHM,7,ACTUAL
5/7/2014,2275,WHM,5,ACTUAL
5/8/2014,2275,WHM,0,ACTUAL
5/9/2014,2275,WHM,1,ACTUAL
5/10/2014,2275,WHM,5,ACTUAL
5/11/2014,2275,WHM,10,ACTUAL
5/12/2014,2275,WHM,3,ACTUAL
5/13/2014,2275,WHM,11,ACTUAL
5/14/2014,2275,WHM,7,ACTUAL
5/15/2014,2275,WHM,4,ACTUAL
5/16/2014,2275,WHM,6,ACTUAL
5/17/2014,2275,WHM,2,ACTUAL
5/18/2014,2275,WHM,10,ACTUAL
5/19/2014,2275,WHM,9,ACTUAL
5/20/2014,2275,WHM,7,ACTUAL
5/21/2014,2275,WHM,7,ACTUAL
5/22/2014,2275,WHM,8,ACTUAL
5/23/2014,2275,WHM,3,ACTUAL
5/24/2014,2275,WHM,7,ACTUAL
5/25/2014,2275,WHM,10,ACTUAL
5/26/2014,2275,WHM,13,ACTUAL
5/27/2014,2275,WHM,9,ACTUAL
5/28/2014,2275,WHM,10,ACTUAL
5/29/2014,2275,WHM,3,ACTUAL
5/30/2014,2275,WHM,10,ACTUAL
5/31/2014,2275,WHM,0,ACTUAL
6/1/2014,2275,WHM,10,ACTUAL
6/2/2014,2275,WHM,6,ACTUAL
6/3/2014,2275,WHM,7,ACTUAL
6/4/2014,2275,WHM,7,ACTUAL
6/5/2014,2275,WHM,10,ACTUAL
6/6/2014,2275,WHM,10,ACTUAL
6/7/2014,2275,WHM,8,ACTUAL
6/8/2014,2275,WHM,6,ACTUAL
6/9/2014,2275,WHM,4,ACTUAL
6/10/2014,2275,WHM,9,ACTUAL
6/11/2014,2275,WHM,7,ACTUAL
6/12/2014,2275,WHM,8,ACTUAL
6/13/2014,2275,WHM,3,ACTUAL
6/14/2014,2275,WHM,7,ACTUAL
6/15/2014,2275,WHM,10,ACTUAL
6/16/2014,2275,WHM,5,ACTUAL
6/17/2014,2275,WHM,9,ACTUAL
6/18/2014,2275,WHM,10,ACTUAL
6/19/2014,2275,WHM,0,ACTUAL
6/20/2014,2275,WHM,3,ACTUAL
6/21/2014,2275,WHM,3,ACTUAL
6/22/2014,2275,WHM,7,ACTUAL
6/23/2014,2275,WHM,6,ACTUAL
6/24/2014,2275,WHM,3,ACTUAL
6/25/2014,2275,WHM,7,ACTUAL
6/26/2014,2275,WHM,6,ACTUAL
6/27/2014,2275,WHM,4,ACTUAL
6/28/2014,2275,WHM,4,ACTUAL
6/29/2014,2275,WHM,6,ACTUAL
6/30/2014,2275,WHM,4,ACTUAL
7/1/2014,2275,WHM,5,ACTUAL
7/2/2014,2275,WHM,4,ACTUAL
7/3/2014,2275,WHM,6,ACTUAL
7/4/2014,2275,WHM,8,ACTUAL
7/5/2014,2275,WHM,5,ACTUAL
7/6/2014,2275,WHM,1,ACTUAL
7/7/2014,2275,WHM,6,ACTUAL
7/8/2014,2275,WHM,7,ACTUAL
7/9/2014,2275,WHM,2,ACTUAL
7/10/2014,2275,WHM,9,ACTUAL
7/11/2014,2275,WHM,10,ACTUAL
7/12/2014,2275,WHM,7,ACTUAL
7/13/2014,2275,WHM,6,ACTUAL
7/14/2014,2275,WHM,6,ACTUAL
7/15/2014,2275,WHM,4,ACTUAL
7/16/2014,2275,WHM,6,ACTUAL
7/17/2014,2275,WHM,4,ACTUAL
7/18/2014,2275,WHM,1,ACTUAL
7/19/2014,2275,WHM,5,ACTUAL
7/20/2014,2275,WHM,10,ACTUAL
7/21/2014,2275,WHM,8,ACTUAL
7/22/2014,2275,WHM,9,ACTUAL
7/23/2014,2275,WHM,1,ACTUAL
7/24/2014,2275,WHM,5,ACTUAL
7/25/2014,2275,WHM,6,ACTUAL
7/26/2014,2275,WHM,7,ACTUAL
7/27/2014,2275,WHM,6,ACTUAL
7/28/2014,2275,WHM,8,ACTUAL
7/29/2014,2275,WHM,10,ACTUAL
7/30/2014,2275,WHM,8,ACTUAL
7/31/2014,2275,WHM,6,ACTUAL
8/1/2014,2275,WHM,4,ACTUAL
8/2/2014,2275,WHM,4,ACTUAL
8/3/2014,2275,WHM,6,ACTUAL
8/4/2014,2275,WHM,9,ACTUAL
8/5/2014,2275,WHM,9,ACTUAL
8/6/2014,2275,WHM,9,ACTUAL
8/7/2014,2275,WHM,5,ACTUAL
8/8/2014,2275,WHM,3,ACTUAL
8/9/2014,2275,WHM,8,ACTUAL
8/10/2014,2275,WHM,8,ACTUAL
8/11/2014,2275,WHM,1,ACTUAL
8/12/2014,2275,WHM,9,ACTUAL
8/13/2014,2275,WHM,4,ACTUAL
8/14/2014,2275,WHM,8,ACTUAL
8/15/2014,2275,WHM,6,ACTUAL
8/16/2014,2275,WHM,3,ACTUAL
8/17/2014,2275,WHM,10,ACTUAL
8/18/2014,2275,WHM,8,ACTUAL
8/19/2014,2275,WHM,8,ACTUAL
8/20/2014,2275,WHM,7,ACTUAL
8/21/2014,2275,WHM,10,ACTUAL
8/22/2014,2275,WHM,4,ACTUAL
8/23/2014,2275,WHM,4,ACTUAL
8/24/2014,2275,WHM,8,ACTUAL
8/25/2014,2275,WHM,13,ACTUAL
8/26/2014,2275,WHM,0,ACTUAL
8/27/2014,2275,WHM,0,ACTUAL
8/28/2014,2275,WHM,4,ACTUAL
8/29/2014,2275,WHM,8,ACTUAL
8/30/2014,2275,WHM,3,ACTUAL
8/31/2014,2275,WHM,8,ACTUAL
9/1/2014,2275,WHM,6,ACTUAL
9/2/2014,2275,WHM,9,ACTUAL
9/3/2014,2275,WHM,9,ACTUAL
9/4/2014,2275,WHM,7,ACTUAL
9/5/2014,2275,WHM,0,ACTUAL
9/6/2014,2275,WHM,6,ACTUAL
9/7/2014,2275,WHM,8,ACTUAL
9/8/2014,2275,WHM,1,ACTUAL
9/9/2014,2275,WHM,6,ACTUAL
9/10/2014,2275,WHM,10,ACTUAL
9/11/2014,2275,WHM,6,ACTUAL
9/12/2014,2275,WHM,7,ACTUAL
9/13/2014,2275,WHM,4,ACTUAL
9/14/2014,2275,WHM,7,ACTUAL
9/15/2014,2275,WHM,5,ACTUAL
9/16/2014,2275,WHM,4,ACTUAL
9/17/2014,2275,WHM,4,ACTUAL
9/18/2014,2275,WHM,4,ACTUAL
9/19/2014,2275,WHM,3,ACTUAL
9/20/2014,2275,WHM,3,ACTUAL
9/21/2014,2275,WHM,9,ACTUAL
9/22/2014,2275,WHM,6,ACTUAL
9/23/2014,2275,WHM,6,ACTUAL
9/24/2014,2275,WHM,9,ACTUAL
9/25/2014,2275,WHM,7,ACTUAL
9/26/2014,2275,WHM,3,ACTUAL
9/27/2014,2275,WHM,5,ACTUAL
9/28/2014,2275,WHM,5,ACTUAL
9/29/2014,2275,WHM,8,ACTUAL
9/30/2014,2275,WHM,9,ACTUAL
10/1/2014,2275,WHM,2,ACTUAL
10/2/2014,2275,WHM,9,ACTUAL
10/3/2014,2275,WHM,10,ACTUAL
10/4/2014,2275,WHM,8,ACTUAL
10/5/2014,2275,WHM,6,ACTUAL
10/6/2014,2275,WHM,8,ACTUAL
10/7/2014,2275,WHM,7,ACTUAL
10/8/2014,2275,WHM,3,ACTUAL
10/9/2014,2275,WHM,4,ACTUAL
10/10/2014,2275,WHM,9,ACTUAL
10/11/2014,2275,WHM,10,ACTUAL
10/12/2014,2275,WHM,5,ACTUAL
10/13/2014,2275,WHM,9,ACTUAL
10/14/2014,2275,WHM,7,ACTUAL
10/15/2014,2275,WHM,9,ACTUAL
10/16/2014,2275,WHM,7,ACTUAL
10/17/2014,2275,WHM,5,ACTUAL
10/18/2014,2275,WHM,3,ACTUAL
10/19/2014,2275,WHM,4,ACTUAL
10/20/2014,2275,WHM,9,ACTUAL
10/21/2014,2275,WHM,4,ACTUAL
10/22/2014,2275,WHM,5,ACTUAL
10/23/2014,2275,WHM,5,ACTUAL
10/24/2014,2275,WHM,2,ACTUAL
10/25/2014,2275,WHM,10,ACTUAL
10/26/2014,2275,WHM,2,ACTUAL
10/27/2014,2275,WHM,10,ACTUAL
10/28/2014,2275,WHM,7,ACTUAL
10/29/2014,2275,WHM,10,ACTUAL
10/30/2014,2275,WHM,2,ACTUAL
10/31/2014,2275,WHM,6,ACTUAL
11/1/2014,2275,WHM,7,ACTUAL
11/2/2014,2275,WHM,9,ACTUAL
11/3/2014,2275,WHM,4,ACTUAL
11/4/2014,2275,WHM,6,ACTUAL
11/5/2014,2275,WHM,6,ACTUAL
11/6/2014,2275,WHM,9,ACTUAL
11/7/2014,2275,WHM,5,ACTUAL
11/8/2014,2275,WHM,5,ACTUAL
11/9/2014,2275,WHM,7,ACTUAL
11/10/2014,2275,WHM,4,ACTUAL
11/11/2014,2275,WHM,6,ACTUAL
11/12/2014,2275,WHM,4,ACTUAL
11/13/2014,2275,WHM,7,ACTUAL
11/14/2014,2275,WHM,10,ACTUAL
11/15/2014,2275,WHM,6,ACTUAL
11/16/2014,2275,WHM,10,ACTUAL
11/17/2014,2275,WHM,9,ACTUAL
11/18/2014,2275,WHM,4,ACTUAL
11/19/2014,2275,WHM,7,ACTUAL
11/20/2014,2275,WHM,9,ACTUAL
11/21/2014,2275,WHM,5,ACTUAL
11/22/2014,2275,WHM,8,ACTUAL
11/23/2014,2275,WHM,7,ACTUAL
11/24/2014,2275,WHM,8,ACTUAL
11/25/2014,2275,WHM,10,ACTUAL
11/26/2014,2275,WHM,6,ACTUAL
11/27/2014,2275,WHM,6,ACTUAL
11/28/2014,2275,WHM,10,ACTUAL
11/29/2014,2275,WHM,1,ACTUAL
11/30/2014,2275,WHM,10,ACTUAL
12/1/2014,2275,WHM,10,ACTUAL
12/2/2014,2275,WHM,6,ACTUAL
12/3/2014,2275,WHM,6,ACTUAL
12/4/2014,2275,WHM,4,ACTUAL
12/5/2014,2275,WHM,3,ACTUAL
12/6/2014,2275,WHM,4,ACTUAL
12/7/2014,2275,WHM,0,ACTUAL
12/8/2014,2275,WHM,9,ACTUAL
12/9/2014,2275,WHM,1,ACTUAL
12/10/2014,2275,WHM,9,ACTUAL
12/11/2014,2275,WHM,8,ACTUAL
12/12/2014,2275,WHM,2,ACTUAL
12/13/2014,2275,WHM,1,ACTUAL
12/14/2014,2275,WHM,6,ACTUAL
12/15/2014,2275,WHM,5,ACTUAL
12/16/2014,2275,WHM,5,ACTUAL
12/17/2014,2275,WHM,5,ACTUAL
12/18/2014,2275,WHM,6,ACTUAL
12/19/2014,2275,WHM,10,ACTUAL
12/20/2014,2275,WHM,0,ACTUAL
12/21/2014,2275,WHM,4,ACTUAL
12/22/2014,2275,WHM,5,ACTUAL
12/23/2014,2275,WHM,2,ACTUAL
12/24/2014,2275,WHM,3,ACTUAL
12/25/2014,2275,WHM,7,ACTUAL
12/26/2014,2275,WHM,10,ACTUAL
12/27/2014,2275,WHM,0,ACTUAL
12/28/2014,2275,WHM,5,ACTUAL
12/29/2014,2275,WHM,9,ACTUAL
12/30/2014,2275,WHM,5,ACTUAL
12/31/2014,2275,WHM,7,ACTUAL
1/1/2015,2275,WHM,8,ACTUAL
1/2/2015,2275,WHM,8,ACTUAL
1/3/2015,2275,WHM,6,ACTUAL
1/4/2015,2275,WHM,2,ACTUAL
1/5/2015,2275,WHM,6,ACTUAL
1/6/2015,2275,WHM,9,ACTUAL
1/7/2015,2275,WHM,3,ACTUAL
1/8/2015,2275,WHM,5,ACTUAL
1/9/2015,2275,WHM,7,ACTUAL
1/10/2015,2275,WHM,5,ACTUAL
1/11/2015,2275,WHM,5,ACTUAL
1/12/2015,2275,WHM,6,ACTUAL
1/13/2015,2275,WHM,5,ACTUAL
1/14/2015,2275,WHM,5,ACTUAL
1/15/2015,2275,WHM,7,ACTUAL
1/16/2015,2275,WHM,4,ACTUAL
1/17/2015,2275,WHM,7,ACTUAL
1/18/2015,2275,WHM,9,ACTUAL
1/19/2015,2275,WHM,10,ACTUAL
1/20/2015,2275,WHM,9,ACTUAL
1/21/2015,2275,WHM,4,ACTUAL
1/22/2015,2275,WHM,8,ACTUAL
1/23/2015,2275,WHM,2,ACTUAL
1/24/2015,2275,WHM,3,ACTUAL
1/25/2015,2275,WHM,6,ACTUAL
1/26/2015,2275,WHM,4,ACTUAL
1/27/2015,2275,WHM,10,ACTUAL
1/28/2015,2275,WHM,8,ACTUAL
1/29/2015,2275,WHM,9,ACTUAL
1/30/2015,2275,WHM,4,ACTUAL
1/31/2015,2275,WHM,6,ACTUAL
2/1/2015,2275,WHM,4,ACTUAL
2/2/2015,2275,WHM,7,ACTUAL
2/3/2015,2275,WHM,10,ACTUAL
2/4/2015,2275,WHM,5,ACTUAL
2/5/2015,2275,WHM,4,ACTUAL
2/6/2015,2275,WHM,14,ACTUAL
2/7/2015,2275,WHM,6,ACTUAL
2/8/2015,2275,WHM,9,ACTUAL
2/9/2015,2275,WHM,15,ACTUAL
2/10/2015,2275,WHM,2,ACTUAL
2/11/2015,2275,WHM,11,ACTUAL
2/12/2015,2275,WHM,10,ACTUAL
2/13/2015,2275,WHM,3,ACTUAL
2/14/2015,2275,WHM,1,ACTUAL
2/15/2015,2275,WHM,4,ACTUAL
2/16/2015,2275,WHM,3,ACTUAL
2/17/2015,2275,WHM,8,ACTUAL
2/18/2015,2275,WHM,6,ACTUAL
2/19/2015,2275,WHM,0,ACTUAL
2/20/2015,2275,WHM,0,ACTUAL
2/21/2015,2275,WHM,12,ACTUAL
2/22/2015,2275,WHM,4,ACTUAL
2/23/2015,2275,WHM,0,ACTUAL
2/24/2015,2275,WHM,3,ACTUAL
2/25/2015,2275,WHM,6,ACTUAL
2/26/2015,2275,WHM,2,ACTUAL
2/27/2015,2275,WHM,4,ACTUAL
2/28/2015,2275,WHM,2,ACTUAL
3/1/2015,2275,WHM,6,ACTUAL
3/2/2015,2275,WHM,9,ACTUAL
3/3/2015,2275,WHM,5,ACTUAL
3/4/2015,2275,WHM,4,ACTUAL
3/5/2015,2275,WHM,8,ACTUAL
3/6/2015,2275,WHM,9,ACTUAL
3/7/2015,2275,WHM,2,ACTUAL
3/8/2015,2275,WHM,2,ACTUAL
3/9/2015,2275,WHM,5,ACTUAL
3/10/2015,2275,WHM,2,ACTUAL
3/11/2015,2275,WHM,5,ACTUAL
3/12/2015,2275,WHM,8,ACTUAL
3/13/2015,2275,WHM,1,ACTUAL
3/14/2015,2275,WHM,3,ACTUAL
3/15/2015,2275,WHM,4,ACTUAL
3/16/2015,2275,WHM,5,ACTUAL
3/17/2015,2275,WHM,6,ACTUAL
3/18/2015,2275,WHM,9,ACTUAL
3/19/2015,2275,WHM,6,ACTUAL
3/20/2015,2275,WHM,4,ACTUAL
3/21/2015,2275,WHM,2,ACTUAL
3/22/2015,2275,WHM,8,ACTUAL
3/23/2015,2275,WHM,8,ACTUAL
3/24/2015,2275,WHM,7,ACTUAL
3/25/2015,2275,WHM,3,ACTUAL
3/26/2015,2275,WHM,3,ACTUAL
3/27/2015,2275,WHM,3,ACTUAL
3/28/2015,2275,WHM,4,ACTUAL
3/29/2015,2275,WHM,4,ACTUAL
3/30/2015,2275,WHM,6,ACTUAL
3/31/2015,2275,WHM,9,ACTUAL
4/1/2015,2275,WHM,6,ACTUAL
4/2/2015,2275,WHM,5,ACTUAL
4/3/2015,2275,WHM,8,ACTUAL
4/4/2015,2275,WHM,2,ACTUAL
4/5/2015,2275,WHM,10,ACTUAL
4/6/2015,2275,WHM,7,ACTUAL
4/7/2015,2275,WHM,4,ACTUAL
4/8/2015,2275,WHM,5,ACTUAL
4/9/2015,2275,WHM,5,ACTUAL
4/10/2015,2275,WHM,10,ACTUAL
4/11/2015,2275,WHM,11,ACTUAL
4/12/2015,2275,WHM,3,ACTUAL
4/13/2015,2275,WHM,3,ACTUAL
4/14/2015,2275,WHM,2,ACTUAL
4/15/2015,2275,WHM,3,ACTUAL
4/16/2015,2275,WHM,3,ACTUAL
4/17/2015,2275,WHM,3,ACTUAL
4/18/2015,2275,WHM,4,ACTUAL
4/19/2015,2275,WHM,9,ACTUAL
4/20/2015,2275,WHM,9,ACTUAL
4/21/2015,2275,WHM,9,ACTUAL
4/22/2015,2275,WHM,7,ACTUAL
4/23/2015,2275,WHM,10,ACTUAL
4/24/2015,2275,WHM,3,ACTUAL
4/25/2015,2275,WHM,1,ACTUAL
4/26/2015,2275,WHM,7,ACTUAL
4/27/2015,2275,WHM,8,ACTUAL
4/28/2015,2275,WHM,4,ACTUAL
4/29/2015,2275,WHM,8,ACTUAL
4/30/2015,2275,WHM,6,ACTUAL
5/1/2015,2275,WHM,10,ACTUAL
5/2/2015,2275,WHM,7,ACTUAL
5/3/2015,2275,WHM,5,ACTUAL
5/4/2015,2275,WHM,4,ACTUAL
5/5/2015,2275,WHM,7,ACTUAL
5/6/2015,2275,WHM,0,ACTUAL
5/7/2015,2275,WHM,5,ACTUAL
5/8/2015,2275,WHM,3,ACTUAL
5/9/2015,2275,WHM,4,ACTUAL
5/10/2015,2275,WHM,8,ACTUAL
5/11/2015,2275,WHM,3,ACTUAL
5/12/2015,2275,WHM,5,ACTUAL
5/13/2015,2275,WHM,0,ACTUAL
5/14/2015,2275,WHM,0,ACTUAL
5/15/2015,2275,WHM,0,ACTUAL
5/16/2015,2275,WHM,0,ACTUAL
5/17/2015,2275,WHM,10,ACTUAL
5/18/2015,2275,WHM,7,ACTUAL
5/19/2015,2275,WHM,10,ACTUAL
5/20/2015,2275,WHM,13,ACTUAL
5/21/2015,2275,WHM,8,ACTUAL
5/22/2015,2275,WHM,9,ACTUAL
5/23/2015,2275,WHM,2,ACTUAL
5/24/2015,2275,WHM,4,ACTUAL
5/25/2015,2275,WHM,11,ACTUAL
5/26/2015,2275,WHM,4,ACTUAL
5/27/2015,2275,WHM,5,ACTUAL
5/28/2015,2275,WHM,8,ACTUAL
5/29/2015,2275,WHM,2,ACTUAL
5/30/2015,2275,WHM,2,ACTUAL
5/31/2015,2275,WHM,6,ACTUAL
6/1/2015,2275,WHM,6,ACTUAL
6/2/2015,2275,WHM,3,ACTUAL
6/3/2015,2275,WHM,5,ACTUAL
6/4/2015,2275,WHM,8,ACTUAL
6/5/2015,2275,WHM,6,ACTUAL
6/6/2015,2275,WHM,2,ACTUAL
6/7/2015,2275,WHM,8,ACTUAL
6/8/2015,2275,WHM,7,ACTUAL
6/9/2015,2275,WHM,7,ACTUAL
6/10/2015,2275,WHM,6,ACTUAL
6/11/2015,2275,WHM,4,ACTUAL
6/12/2015,2275,WHM,3,ACTUAL
6/13/2015,2275,WHM,7,ACTUAL
6/14/2015,2275,WHM,0,ACTUAL
6/15/2015,2275,WHM,0,ACTUAL
6/16/2015,2275,WHM,6,ACTUAL
6/17/2015,2275,WHM,7,ACTUAL
6/18/2015,2275,WHM,11,ACTUAL
6/19/2015,2275,WHM,3,ACTUAL
6/20/2015,2275,WHM,2,ACTUAL
6/21/2015,2275,WHM,12,ACTUAL
6/22/2015,2275,WHM,5,ACTUAL
6/23/2015,2275,WHM,4,ACTUAL
6/24/2015,2275,WHM,7,ACTUAL
6/25/2015,2275,WHM,4,ACTUAL
6/26/2015,2275,WHM,4,ACTUAL
6/27/2015,2275,WHM,5,ACTUAL
6/28/2015,2275,WHM,7,ACTUAL
6/29/2015,2275,WHM,6,ACTUAL
6/30/2015,2275,WHM,5,ACTUAL
7/1/2015,2275,WHM,8,ACTUAL
7/2/2015,2275,WHM,20,ACTUAL
7/3/2015,2275,WHM,8,ACTUAL
7/4/2015,2275,WHM,8,ACTUAL
7/5/2015,2275,WHM,9,ACTUAL
7/6/2015,2275,WHM,7,ACTUAL
7/7/2015,2275,WHM,4,ACTUAL
7/8/2015,2275,WHM,3,ACTUAL
7/9/2015,2275,WHM,6,ACTUAL
7/10/2015,2275,WHM,8,ACTUAL
7/11/2015,2275,WHM,11,ACTUAL
7/12/2015,2275,WHM,7,ACTUAL
7/13/2015,2275,WHM,2,ACTUAL
7/14/2015,2275,WHM,8,ACTUAL
7/15/2015,2275,WHM,9,ACTUAL
7/16/2015,2275,WHM,6,ACTUAL
7/17/2015,2275,WHM,4,ACTUAL
7/18/2015,2275,WHM,1,ACTUAL
7/19/2015,2275,WHM,9,ACTUAL
7/20/2015,2275,WHM,8,ACTUAL
7/21/2015,2275,WHM,7,ACTUAL
7/22/2015,2275,WHM,11,ACTUAL
7/23/2015,2275,WHM,5,ACTUAL
7/24/2015,2275,WHM,0,ACTUAL
7/25/2015,2275,WHM,5,ACTUAL
7/26/2015,2275,WHM,4,ACTUAL
7/27/2015,2275,WHM,6,ACTUAL
7/28/2015,2275,WHM,5,ACTUAL
7/29/2015,2275,WHM,2,ACTUAL
7/30/2015,2275,WHM,6,ACTUAL
7/31/2015,2275,WHM,5,ACTUAL
8/1/2015,2275,WHM,6,ACTUAL
8/2/2015,2275,WHM,9,ACTUAL
8/3/2015,2275,WHM,7,ACTUAL
8/4/2015,2275,WHM,6,ACTUAL
8/5/2015,2275,WHM,20,ACTUAL
8/6/2015,2275,WHM,13,ACTUAL
8/7/2015,2275,WHM,8,ACTUAL
8/8/2015,2275,WHM,0,ACTUAL
8/9/2015,2275,WHM,4,ACTUAL
8/10/2015,2275,WHM,6,ACTUAL
8/11/2015,2275,WHM,8,ACTUAL
8/12/2015,2275,WHM,5,ACTUAL
8/13/2015,2275,WHM,8,ACTUAL
8/14/2015,2275,WHM,1,ACTUAL
8/15/2015,2275,WHM,1,ACTUAL
8/16/2015,2275,WHM,3,ACTUAL
8/17/2015,2275,WHM,20,ACTUAL
8/18/2015,2275,WHM,8,ACTUAL
8/19/2015,2275,WHM,9,ACTUAL
8/20/2015,2275,WHM,9,ACTUAL
8/21/2015,2275,WHM,0,ACTUAL
8/22/2015,2275,WHM,5,ACTUAL
8/23/2015,2275,WHM,6,ACTUAL
8/24/2015,2275,WHM,9,ACTUAL
8/25/2015,2275,WHM,9,ACTUAL
8/26/2015,2275,WHM,6,ACTUAL
8/27/2015,2275,WHM,3,ACTUAL
8/28/2015,2275,WHM,2,ACTUAL
8/29/2015,2275,WHM,6,ACTUAL
8/30/2015,2275,WHM,8,ACTUAL
8/31/2015,2275,WHM,7,ACTUAL
9/1/2015,2275,WHM,3,ACTUAL
9/2/2015,2275,WHM,5,ACTUAL
9/3/2015,2275,WHM,6,ACTUAL
9/4/2015,2275,WHM,10,ACTUAL
9/5/2015,2275,WHM,0,ACTUAL
9/6/2015,2275,WHM,8,ACTUAL
9/7/2015,2275,WHM,5,ACTUAL
9/8/2015,2275,WHM,2,ACTUAL
9/9/2015,2275,WHM,10,ACTUAL
9/10/2015,2275,WHM,6,ACTUAL
9/11/2015,2275,WHM,7,ACTUAL
9/12/2015,2275,WHM,5,ACTUAL
9/13/2015,2275,WHM,6,ACTUAL
9/14/2015,2275,WHM,8,ACTUAL
9/15/2015,2275,WHM,6,ACTUAL
9/16/2015,2275,WHM,3,ACTUAL
9/17/2015,2275,WHM,8,ACTUAL
9/18/2015,2275,WHM,1,ACTUAL
9/19/2015,2275,WHM,5,ACTUAL
9/20/2015,2275,WHM,3,ACTUAL
9/21/2015,2275,WHM,12,ACTUAL
9/22/2015,2275,WHM,7,ACTUAL
9/23/2015,2275,WHM,9,ACTUAL
9/24/2015,2275,WHM,8,ACTUAL
9/25/2015,2275,WHM,5,ACTUAL
9/26/2015,2275,WHM,1,ACTUAL
9/27/2015,2275,WHM,4,ACTUAL
9/28/2015,2275,WHM,10,ACTUAL
9/29/2015,2275,WHM,9,ACTUAL
9/30/2015,2275,WHM,9,ACTUAL
10/1/2015,2275,WHM,10,ACTUAL
10/2/2015,2275,WHM,5,ACTUAL
10/3/2015,2275,WHM,3,ACTUAL
10/4/2015,2275,WHM,3,ACTUAL
10/5/2015,2275,WHM,0,ACTUAL
10/6/2015,2275,WHM,8,ACTUAL
10/7/2015,2275,WHM,5,ACTUAL
10/8/2015,2275,WHM,4,ACTUAL
10/9/2015,2275,WHM,9,ACTUAL
10/10/2015,2275,WHM,4,ACTUAL
10/11/2015,2275,WHM,2,ACTUAL
10/12/2015,2275,WHM,5,ACTUAL
10/13/2015,2275,WHM,4,ACTUAL
10/14/2015,2275,WHM,7,ACTUAL
10/15/2015,2275,WHM,2,ACTUAL
10/16/2015,2275,WHM,6,ACTUAL
10/17/2015,2275,WHM,5,ACTUAL
10/18/2015,2275,WHM,6,ACTUAL
10/19/2015,2275,WHM,8,ACTUAL
10/20/2015,2275,WHM,8,ACTUAL
10/21/2015,2275,WHM,7,ACTUAL
10/22/2015,2275,WHM,9,ACTUAL
10/23/2015,2275,WHM,4,ACTUAL
10/24/2015,2275,WHM,8,ACTUAL
10/25/2015,2275,WHM,12,ACTUAL
10/26/2015,2275,WHM,15,ACTUAL
10/27/2015,2275,WHM,6,ACTUAL
10/28/2015,2275,WHM,6,ACTUAL
10/29/2015,2275,WHM,9,ACTUAL
10/30/2015,2275,WHM,2,ACTUAL
10/31/2015,2275,WHM,4,ACTUAL
11/1/2015,2275,WHM,8,ACTUAL
11/2/2015,2275,WHM,2,ACTUAL
11/3/2015,2275,WHM,8,ACTUAL
11/4/2015,2275,WHM,6,ACTUAL
11/5/2015,2275,WHM,0,ACTUAL
11/6/2015,2275,WHM,5,ACTUAL
11/7/2015,2275,WHM,5,ACTUAL
11/8/2015,2275,WHM,12,ACTUAL
11/9/2015,2275,WHM,2,ACTUAL
11/10/2015,2275,WHM,5,ACTUAL
11/11/2015,2275,WHM,13,ACTUAL
11/12/2015,2275,WHM,1,ACTUAL
11/13/2015,2275,WHM,2,ACTUAL
11/14/2015,2275,WHM,4,ACTUAL
11/15/2015,2275,WHM,3,ACTUAL
11/16/2015,2275,WHM,5,ACTUAL
11/17/2015,2275,WHM,2,ACTUAL
11/18/2015,2275,WHM,8,ACTUAL
11/19/2015,2275,WHM,6,ACTUAL
11/20/2015,2275,WHM,5,ACTUAL
11/21/2015,2275,WHM,9,ACTUAL
11/22/2015,2275,WHM,5,ACTUAL
11/23/2015,2275,WHM,6,ACTUAL
11/24/2015,2275,WHM,3,ACTUAL
11/25/2015,2275,WHM,5,ACTUAL
11/26/2015,2275,WHM,8,ACTUAL
11/27/2015,2275,WHM,5,ACTUAL
11/28/2015,2275,WHM,3,ACTUAL
11/29/2015,2275,WHM,5,ACTUAL
11/30/2015,2275,WHM,5,ACTUAL
12/1/2015,2275,WHM,9,ACTUAL
12/2/2015,2275,WHM,6,ACTUAL
12/3/2015,2275,WHM,4,ACTUAL
12/4/2015,2275,WHM,5,ACTUAL
12/5/2015,2275,WHM,0,ACTUAL
12/6/2015,2275,WHM,5,ACTUAL
12/7/2015,2275,WHM,7,ACTUAL
12/8/2015,2275,WHM,5,ACTUAL
12/9/2015,2275,WHM,10,ACTUAL
12/10/2015,2275,WHM,14,ACTUAL
12/11/2015,2275,WHM,8,ACTUAL
12/12/2015,2275,WHM,5,ACTUAL
12/13/2015,2275,WHM,4,ACTUAL
12/14/2015,2275,WHM,6,ACTUAL
12/15/2015,2275,WHM,3,ACTUAL
12/16/2015,2275,WHM,1,ACTUAL
12/17/2015,2275,WHM,2,ACTUAL
12/18/2015,2275,WHM,3,ACTUAL
12/19/2015,2275,WHM,8,ACTUAL
12/20/2015,2275,WHM,3,ACTUAL
12/21/2015,2275,WHM,5,ACTUAL
12/22/2015,2275,WHM,4,ACTUAL
12/23/2015,2275,WHM,2,ACTUAL
12/24/2015,2275,WHM,5,ACTUAL
12/25/2015,2275,WHM,5,ACTUAL
12/26/2015,2275,WHM,0,ACTUAL
12/27/2015,2275,WHM,0,ACTUAL
12/28/2015,2275,WHM,5,ACTUAL
12/29/2015,2275,WHM,0,ACTUAL
12/30/2015,2275,WHM,5,ACTUAL
12/31/2015,2275,WHM,0,ACTUAL
1/1/2016,2275,WHM,0,ACTUAL
1/2/2016,2275,WHM,0,ACTUAL
1/3/2016,2275,WHM,0,ACTUAL
1/4/2016,2275,WHM,0,ACTUAL
1/5/2016,2275,WHM,0,ACTUAL
1/6/2016,2275,WHM,0,ACTUAL
1/7/2016,2275,WHM,0,ACTUAL
1/8/2016,2275,WHM,0,ACTUAL
1/9/2016,2275,WHM,0,ACTUAL
1/10/2016,2275,WHM,6,ACTUAL
1/11/2016,2275,WHM,7,ACTUAL
1/12/2016,2275,WHM,0,ACTUAL
1/13/2016,2275,WHM,0,ACTUAL
1/14/2016,2275,WHM,0,ACTUAL
1/1/2016,7577,12GL,1.233983034,Regression
1/2/2016,7577,12GL,0.177372691,Regression
1/3/2016,7577,12GL,2.705684872,Regression
1/4/2016,7577,12GL,1.241839246,Regression
1/5/2016,7577,12GL,1.519545685,Regression
1/6/2016,7577,12GL,1.560642331,Regression
1/7/2016,7577,12GL,2.139578078,Regression
1/8/2016,7577,12GL,0.860326763,Regression
1/9/2016,7577,12GL,1.652225828,Regression
1/10/2016,7577,12GL,0.86662263,Regression
1/11/2016,7577,12GL,1.302577315,Regression
1/12/2016,7577,12GL,1.036497962,Regression
1/13/2016,7577,12GL,1.130463101,Regression
1/14/2016,7577,12GL,0.707279001,Regression
1/1/2016,7577,12GL,1.405970927,SES
1/2/2016,7577,12GL,1.405970927,SES
1/3/2016,7577,12GL,1.405970927,SES
1/4/2016,7577,12GL,1.405970927,SES
1/5/2016,7577,12GL,1.405970927,SES
1/6/2016,7577,12GL,1.405970927,SES
1/7/2016,7577,12GL,1.405970927,SES
1/8/2016,7577,12GL,1.405970927,SES
1/9/2016,7577,12GL,1.405970927,SES
1/10/2016,7577,12GL,1.405970927,SES
1/11/2016,7577,12GL,1.405970927,SES
1/12/2016,7577,12GL,1.405970927,SES
1/13/2016,7577,12GL,1.405970927,SES
1/14/2016,7577,12GL,1.405970927,SES
1/1/2016,7577,BWL,-11.879606,Regression
1/2/2016,7577,BWL,-11.02546476,Regression
1/3/2016,7577,BWL,-34.21880265,Regression
1/4/2016,7577,BWL,-12.63555274,Regression
1/5/2016,7577,BWL,-12.63555274,Regression
1/6/2016,7577,BWL,-12.63555274,Regression
1/7/2016,7577,BWL,-12.63555274,Regression
1/8/2016,7577,BWL,-13.60429483,Regression
1/9/2016,7577,BWL,-13.60429483,Regression
1/10/2016,7577,BWL,-13.60429483,Regression
1/11/2016,7577,BWL,-13.60429483,Regression
1/12/2016,7577,BWL,-13.60429483,Regression
1/13/2016,7577,BWL,-13.60429483,Regression
1/14/2016,7577,BWL,-13.60429483,Regression
1/1/2016,7577,BWL,4.563689577,SES
1/2/2016,7577,BWL,4.563689577,SES
1/3/2016,7577,BWL,4.563689577,SES
1/4/2016,7577,BWL,4.563689577,SES
1/5/2016,7577,BWL,4.563689577,SES
1/6/2016,7577,BWL,4.563689577,SES
1/7/2016,7577,BWL,4.563689577,SES
1/8/2016,7577,BWL,4.563689577,SES
1/9/2016,7577,BWL,4.563689577,SES
1/10/2016,7577,BWL,4.563689577,SES
1/11/2016,7577,BWL,4.563689577,SES
1/12/2016,7577,BWL,4.563689577,SES
1/13/2016,7577,BWL,4.563689577,SES
1/14/2016,7577,BWL,4.563689577,SES
1/1/2016,7577,CCB,-0.015755424,Regression
1/2/2016,7577,CCB,0.387065127,Regression
1/3/2016,7577,CCB,0.320222803,Regression
1/4/2016,7577,CCB,0.211232042,Regression
1/5/2016,7577,CCB,0.289175614,Regression
1/6/2016,7577,CCB,-0.072573251,Regression
1/7/2016,7577,CCB,0.391897872,Regression
1/8/2016,7577,CCB,-0.039729307,Regression
1/9/2016,7577,CCB,-0.000265237,Regression
1/10/2016,7577,CCB,-0.006784718,Regression
1/11/2016,7577,CCB,-0.017535171,Regression
1/12/2016,7577,CCB,-0.009854891,Regression
1/13/2016,7577,CCB,-0.045473942,Regression
1/14/2016,7577,CCB,0.00025764,Regression
1/1/2016,7577,CCB,1.192336019,SES
1/2/2016,7577,CCB,1.192336019,SES
1/3/2016,7577,CCB,1.192336019,SES
1/4/2016,7577,CCB,1.192336019,SES
1/5/2016,7577,CCB,1.192336019,SES
1/6/2016,7577,CCB,1.192336019,SES
1/7/2016,7577,CCB,1.192336019,SES
1/8/2016,7577,CCB,1.192336019,SES
1/9/2016,7577,CCB,1.192336019,SES
1/10/2016,7577,CCB,1.192336019,SES
1/11/2016,7577,CCB,1.192336019,SES
1/12/2016,7577,CCB,1.192336019,SES
1/13/2016,7577,CCB,1.192336019,SES
1/14/2016,7577,CCB,1.192336019,SES
1/1/2016,7655,CCL,4.050044019,Regression
1/2/2016,7655,CCL,15.15643392,Regression
1/3/2016,7655,CCL,-56.41425047,Regression
1/4/2016,7655,CCL,-11.68165637,Regression
1/5/2016,7655,CCL,-17.34077803,Regression
1/6/2016,7655,CCL,-28.01024968,Regression
1/7/2016,7655,CCL,-3.06210967,Regression
1/8/2016,7655,CCL,7.087069322,Regression
1/9/2016,7655,CCL,-27.69562852,Regression
1/10/2016,7655,CCL,-21.30073186,Regression
1/11/2016,7655,CCL,-13.89612516,Regression
1/12/2016,7655,CCL,-19.92828115,Regression
1/13/2016,7655,CCL,-16.00947542,Regression
1/14/2016,7655,CCL,-25.05679168,Regression
1/1/2016,7655,CCL,3.979229319,SES
1/2/2016,7655,CCL,3.979229319,SES
1/3/2016,7655,CCL,3.979229319,SES
1/4/2016,7655,CCL,3.979229319,SES
1/5/2016,7655,CCL,3.979229319,SES
1/6/2016,7655,CCL,3.979229319,SES
1/7/2016,7655,CCL,3.979229319,SES
1/8/2016,7655,CCL,3.979229319,SES
1/9/2016,7655,CCL,3.979229319,SES
1/10/2016,7655,CCL,3.979229319,SES
1/11/2016,7655,CCL,3.979229319,SES
1/12/2016,7655,CCL,3.979229319,SES
1/13/2016,7655,CCL,3.979229319,SES
1/14/2016,7655,CCL,3.979229319,SES
1/1/2016,2275,CRCH,-1.255547533,Regression
1/2/2016,2275,CRCH,5.462188159,Regression
1/3/2016,2275,CRCH,-1.039616127,Regression
1/4/2016,2275,CRCH,-1.03786458,Regression
1/5/2016,2275,CRCH,-2.445762805,Regression
1/6/2016,2275,CRCH,-1.209958006,Regression
1/7/2016,2275,CRCH,-2.866085872,Regression
1/8/2016,2275,CRCH,-1.369959358,Regression
1/9/2016,2275,CRCH,-1.84595307,Regression
1/10/2016,2275,CRCH,-1.358363136,Regression
1/11/2016,2275,CRCH,-1.358269072,Regression
1/12/2016,2275,CRCH,-2.113600159,Regression
1/13/2016,2275,CRCH,-1.367511058,Regression
1/14/2016,2275,CRCH,-1.712292066,Regression
1/1/2016,2275,CRCH,3.973870235,SES
1/2/2016,2275,CRCH,3.973870235,SES
1/3/2016,2275,CRCH,3.973870235,SES
1/4/2016,2275,CRCH,3.973870235,SES
1/5/2016,2275,CRCH,3.973870235,SES
1/6/2016,2275,CRCH,3.973870235,SES
1/7/2016,2275,CRCH,3.973870235,SES
1/8/2016,2275,CRCH,3.973870235,SES
1/9/2016,2275,CRCH,3.973870235,SES
1/10/2016,2275,CRCH,3.973870235,SES
1/11/2016,2275,CRCH,3.973870235,SES
1/12/2016,2275,CRCH,3.973870235,SES
1/13/2016,2275,CRCH,3.973870235,SES
1/14/2016,2275,CRCH,3.973870235,SES
1/1/2016,1243,CRLS,3.514470953,Regression
1/2/2016,1243,CRLS,0.265841647,Regression
1/3/2016,1243,CRLS,-2.704966465,Regression
1/4/2016,1243,CRLS,3.514542641,Regression
1/5/2016,1243,CRLS,2.919886824,Regression
1/6/2016,1243,CRLS,-0.051311934,Regression
1/7/2016,1243,CRLS,-1.631943131,Regression
1/8/2016,1243,CRLS,-1.506115281,Regression
1/9/2016,1243,CRLS,2.625513884,Regression
1/10/2016,1243,CRLS,-0.488060835,Regression
1/11/2016,1243,CRLS,-2.623565427,Regression
1/12/2016,1243,CRLS,2.339554971,Regression
1/13/2016,1243,CRLS,2.189819229,Regression
1/14/2016,1243,CRLS,-0.704758449,Regression
1/1/2016,1243,CRLS,1.892525005,SES
1/2/2016,1243,CRLS,1.892525005,SES
1/3/2016,1243,CRLS,1.892525005,SES
1/4/2016,1243,CRLS,1.892525005,SES
1/5/2016,1243,CRLS,1.892525005,SES
1/6/2016,1243,CRLS,1.892525005,SES
1/7/2016,1243,CRLS,1.892525005,SES
1/8/2016,1243,CRLS,1.892525005,SES
1/9/2016,1243,CRLS,1.892525005,SES
1/10/2016,1243,CRLS,1.892525005,SES
1/11/2016,1243,CRLS,1.892525005,SES
1/12/2016,1243,CRLS,1.892525005,SES
1/13/2016,1243,CRLS,1.892525005,SES
1/14/2016,1243,CRLS,1.892525005,SES
1/1/2016,5667,CRLS,-8.340080041,Regression
1/2/2016,5667,CRLS,26.33287905,Regression
1/3/2016,5667,CRLS,-9.626163166,Regression
1/4/2016,5667,CRLS,-4.192688335,Regression
1/5/2016,5667,CRLS,-4.185772697,Regression
1/6/2016,5667,CRLS,5.922916391,Regression
1/7/2016,5667,CRLS,-6.065589804,Regression
1/8/2016,5667,CRLS,31.38270701,Regression
1/9/2016,5667,CRLS,-8.359749604,Regression
1/10/2016,5667,CRLS,-5.476246812,Regression
1/11/2016,5667,CRLS,-0.290381187,Regression
1/12/2016,5667,CRLS,-3.32927439,Regression
1/13/2016,5667,CRLS,-5.982501743,Regression
1/14/2016,5667,CRLS,1.982423172,Regression
1/1/2016,5667,CRLS,7.073529437,SES
1/2/2016,5667,CRLS,7.073529437,SES
1/3/2016,5667,CRLS,7.073529437,SES
1/4/2016,5667,CRLS,7.073529437,SES
1/5/2016,5667,CRLS,7.073529437,SES
1/6/2016,5667,CRLS,7.073529437,SES
1/7/2016,5667,CRLS,7.073529437,SES
1/8/2016,5667,CRLS,7.073529437,SES
1/9/2016,5667,CRLS,7.073529437,SES
1/10/2016,5667,CRLS,7.073529437,SES
1/11/2016,5667,CRLS,7.073529437,SES
1/12/2016,5667,CRLS,7.073529437,SES
1/13/2016,5667,CRLS,7.073529437,SES
1/14/2016,5667,CRLS,7.073529437,SES
1/1/2016,7456,CRLS,0.888607538,Regression
1/2/2016,7456,CRLS,1.924451472,Regression
1/3/2016,7456,CRLS,0.144143255,Regression
1/4/2016,7456,CRLS,1.84505255,Regression
1/5/2016,7456,CRLS,1.354243571,Regression
1/6/2016,7456,CRLS,0.036137516,Regression
1/7/2016,7456,CRLS,1.841923306,Regression
1/8/2016,7456,CRLS,0.310366778,Regression
1/9/2016,7456,CRLS,0.498158715,Regression
1/10/2016,7456,CRLS,2.15407907,Regression
1/11/2016,7456,CRLS,-0.838895279,Regression
1/12/2016,7456,CRLS,-0.379535984,Regression
1/13/2016,7456,CRLS,2.166065736,Regression
1/14/2016,7456,CRLS,-1.58550491,Regression
1/1/2016,7456,CRLS,1.984469364,SES
1/2/2016,7456,CRLS,1.984469364,SES
1/3/2016,7456,CRLS,1.984469364,SES
1/4/2016,7456,CRLS,1.984469364,SES
1/5/2016,7456,CRLS,1.984469364,SES
1/6/2016,7456,CRLS,1.984469364,SES
1/7/2016,7456,CRLS,1.984469364,SES
1/8/2016,7456,CRLS,1.984469364,SES
1/9/2016,7456,CRLS,1.984469364,SES
1/10/2016,7456,CRLS,1.984469364,SES
1/11/2016,7456,CRLS,1.984469364,SES
1/12/2016,7456,CRLS,1.984469364,SES
1/13/2016,7456,CRLS,1.984469364,SES
1/14/2016,7456,CRLS,1.984469364,SES
1/1/2016,7815,CRLS,-0.504348127,Regression
1/2/2016,7815,CRLS,-0.810291605,Regression
1/3/2016,7815,CRLS,0.501195472,Regression
1/4/2016,7815,CRLS,0.343799401,Regression
1/5/2016,7815,CRLS,3.475568751,Regression
1/6/2016,7815,CRLS,-0.48667411,Regression
1/7/2016,7815,CRLS,0.244798047,Regression
1/8/2016,7815,CRLS,0.511530898,Regression
1/9/2016,7815,CRLS,-1.087682397,Regression
1/10/2016,7815,CRLS,-0.030547164,Regression
1/11/2016,7815,CRLS,-0.105495929,Regression
1/12/2016,7815,CRLS,-0.611834991,Regression
1/13/2016,7815,CRLS,-0.224193265,Regression
1/14/2016,7815,CRLS,3.186829603,Regression
1/1/2016,7815,CRLS,2.04098221,SES
1/2/2016,7815,CRLS,2.04098221,SES
1/3/2016,7815,CRLS,2.04098221,SES
1/4/2016,7815,CRLS,2.04098221,SES
1/5/2016,7815,CRLS,2.04098221,SES
1/6/2016,7815,CRLS,2.04098221,SES
1/7/2016,7815,CRLS,2.04098221,SES
1/8/2016,7815,CRLS,2.04098221,SES
1/9/2016,7815,CRLS,2.04098221,SES
1/10/2016,7815,CRLS,2.04098221,SES
1/11/2016,7815,CRLS,2.04098221,SES
1/12/2016,7815,CRLS,2.04098221,SES
1/13/2016,7815,CRLS,2.04098221,SES
1/14/2016,7815,CRLS,2.04098221,SES
1/1/2016,6489,EWB,0.892444475,Regression
1/2/2016,6489,EWB,0.637951057,Regression
1/3/2016,6489,EWB,1.070687216,Regression
1/4/2016,6489,EWB,0.68460057,Regression
1/5/2016,6489,EWB,1.007722472,Regression
1/6/2016,6489,EWB,0.757355512,Regression
1/7/2016,6489,EWB,0.983268501,Regression
1/8/2016,6489,EWB,0.704232104,Regression
1/9/2016,6489,EWB,0.806682701,Regression
1/10/2016,6489,EWB,0.718860829,Regression
1/11/2016,6489,EWB,0.842700105,Regression
1/12/2016,6489,EWB,0.734213282,Regression
1/13/2016,6489,EWB,0.823562494,Regression
1/14/2016,6489,EWB,0.751562366,Regression
1/1/2016,6489,EWB,0.774697181,SES
1/2/2016,6489,EWB,0.774697181,SES
1/3/2016,6489,EWB,0.774697181,SES
1/4/2016,6489,EWB,0.774697181,SES
1/5/2016,6489,EWB,0.774697181,SES
1/6/2016,6489,EWB,0.774697181,SES
1/7/2016,6489,EWB,0.774697181,SES
1/8/2016,6489,EWB,0.774697181,SES
1/9/2016,6489,EWB,0.774697181,SES
1/10/2016,6489,EWB,0.774697181,SES
1/11/2016,6489,EWB,0.774697181,SES
1/12/2016,6489,EWB,0.774697181,SES
1/13/2016,6489,EWB,0.774697181,SES
1/14/2016,6489,EWB,0.774697181,SES
1/1/2016,1248,FGWM,0.280164909,Regression
1/2/2016,1248,FGWM,-0.011280379,Regression
1/3/2016,1248,FGWM,0.603357168,Regression
1/4/2016,1248,FGWM,0.133693119,Regression
1/5/2016,1248,FGWM,0.34941546,Regression
1/6/2016,1248,FGWM,0.391081452,Regression
1/7/2016,1248,FGWM,0.234352584,Regression
1/8/2016,1248,FGWM,0.237822288,Regression
1/9/2016,1248,FGWM,0.174473236,Regression
1/10/2016,1248,FGWM,0.249459379,Regression
1/11/2016,1248,FGWM,0.351117398,Regression
1/12/2016,1248,FGWM,0.064543759,Regression
1/13/2016,1248,FGWM,0.280491653,Regression
1/14/2016,1248,FGWM,0.259720095,Regression
1/1/2016,1248,FGWM,0.259196816,SES
1/2/2016,1248,FGWM,0.259196816,SES
1/3/2016,1248,FGWM,0.259196816,SES
1/4/2016,1248,FGWM,0.259196816,SES
1/5/2016,1248,FGWM,0.259196816,SES
1/6/2016,1248,FGWM,0.259196816,SES
1/7/2016,1248,FGWM,0.259196816,SES
1/8/2016,1248,FGWM,0.259196816,SES
1/9/2016,1248,FGWM,0.259196816,SES
1/10/2016,1248,FGWM,0.259196816,SES
1/11/2016,1248,FGWM,0.259196816,SES
1/12/2016,1248,FGWM,0.259196816,SES
1/13/2016,1248,FGWM,0.259196816,SES
1/14/2016,1248,FGWM,0.259196816,SES
1/1/2016,3142,FGWM,0.490524423,Regression
1/2/2016,3142,FGWM,0.450394022,Regression
1/3/2016,3142,FGWM,0.481751539,Regression
1/4/2016,3142,FGWM,0.482556764,Regression
1/5/2016,3142,FGWM,0.481927569,Regression
1/6/2016,3142,FGWM,0.481911412,Regression
1/7/2016,3142,FGWM,0.481924037,Regression
1/8/2016,3142,FGWM,0.371941641,Regression
1/9/2016,3142,FGWM,0.371941388,Regression
1/10/2016,3142,FGWM,0.371941381,Regression
1/11/2016,3142,FGWM,0.371941386,Regression
1/12/2016,3142,FGWM,0.371941387,Regression
1/13/2016,3142,FGWM,0.371941386,Regression
1/14/2016,3142,FGWM,0.371941386,Regression
1/1/2016,3142,FGWM,0.338719329,SES
1/2/2016,3142,FGWM,0.338719329,SES
1/3/2016,3142,FGWM,0.338719329,SES
1/4/2016,3142,FGWM,0.338719329,SES
1/5/2016,3142,FGWM,0.338719329,SES
1/6/2016,3142,FGWM,0.338719329,SES
1/7/2016,3142,FGWM,0.338719329,SES
1/8/2016,3142,FGWM,0.338719329,SES
1/9/2016,3142,FGWM,0.338719329,SES
1/10/2016,3142,FGWM,0.338719329,SES
1/11/2016,3142,FGWM,0.338719329,SES
1/12/2016,3142,FGWM,0.338719329,SES
1/13/2016,3142,FGWM,0.338719329,SES
1/14/2016,3142,FGWM,0.338719329,SES
1/1/2016,5479,MG,3.920718131,Regression
1/2/2016,5479,MG,-0.359317724,Regression
1/3/2016,5479,MG,4.538086396,Regression
1/4/2016,5479,MG,-0.598493266,Regression
1/5/2016,5479,MG,4.335771,Regression
1/6/2016,5479,MG,-0.593230809,Regression
1/7/2016,5479,MG,4.04479972,Regression
1/8/2016,5479,MG,-1.150824622,Regression
1/9/2016,5479,MG,3.168144475,Regression
1/10/2016,5479,MG,-1.114362358,Regression
1/11/2016,5479,MG,2.902194564,Regression
1/12/2016,5479,MG,-1.07993741,Regression
1/13/2016,5479,MG,2.654684006,Regression
1/14/2016,5479,MG,-1.047860839,Regression
1/1/2016,5479,MG,2.035190677,SES
1/2/2016,5479,MG,2.035190677,SES
1/3/2016,5479,MG,2.035190677,SES
1/4/2016,5479,MG,2.035190677,SES
1/5/2016,5479,MG,2.035190677,SES
1/6/2016,5479,MG,2.035190677,SES
1/7/2016,5479,MG,2.035190677,SES
1/8/2016,5479,MG,2.035190677,SES
1/9/2016,5479,MG,2.035190677,SES
1/10/2016,5479,MG,2.035190677,SES
1/11/2016,5479,MG,2.035190677,SES
1/12/2016,5479,MG,2.035190677,SES
1/13/2016,5479,MG,2.035190677,SES
1/14/2016,5479,MG,2.035190677,SES
1/1/2016,7655,MG,-1.295967085,Regression
1/2/2016,7655,MG,3.613245181,Regression
1/3/2016,7655,MG,-10.82610588,Regression
1/4/2016,7655,MG,-4.386162056,Regression
1/5/2016,7655,MG,-0.862267036,Regression
1/6/2016,7655,MG,-6.926791888,Regression
1/7/2016,7655,MG,-2.38115387,Regression
1/8/2016,7655,MG,-2.375794873,Regression
1/9/2016,7655,MG,-7.001432359,Regression
1/10/2016,7655,MG,-1.786234082,Regression
1/11/2016,7655,MG,-2.01547424,Regression
1/12/2016,7655,MG,-4.714078103,Regression
1/13/2016,7655,MG,-0.110005243,Regression
1/14/2016,7655,MG,-2.258339234,Regression
1/1/2016,7655,MG,6.521470365,SES
1/2/2016,7655,MG,6.521470365,SES
1/3/2016,7655,MG,6.521470365,SES
1/4/2016,7655,MG,6.521470365,SES
1/5/2016,7655,MG,6.521470365,SES
1/6/2016,7655,MG,6.521470365,SES
1/7/2016,7655,MG,6.521470365,SES
1/8/2016,7655,MG,6.521470365,SES
1/9/2016,7655,MG,6.521470365,SES
1/10/2016,7655,MG,6.521470365,SES
1/11/2016,7655,MG,6.521470365,SES
1/12/2016,7655,MG,6.521470365,SES
1/13/2016,7655,MG,6.521470365,SES
1/14/2016,7655,MG,6.521470365,SES
1/1/2016,6489,PDB,1.284547822,Regression
1/2/2016,6489,PDB,1.121369309,Regression
1/3/2016,6489,PDB,1.054584604,Regression
1/4/2016,6489,PDB,1.188088427,Regression
1/5/2016,6489,PDB,1.302229755,Regression
1/6/2016,6489,PDB,1.215016822,Regression
1/7/2016,6489,PDB,1.07208588,Regression
1/8/2016,6489,PDB,0.971826494,Regression
1/9/2016,6489,PDB,1.122126391,Regression
1/10/2016,6489,PDB,1.147013759,Regression
1/11/2016,6489,PDB,1.010496559,Regression
1/12/2016,6489,PDB,0.935862278,Regression
1/13/2016,6489,PDB,1.040612492,Regression
1/14/2016,6489,PDB,1.151727027,Regression
1/1/2016,6489,PDB,0.427007063,SES
1/2/2016,6489,PDB,0.427007063,SES
1/3/2016,6489,PDB,0.427007063,SES
1/4/2016,6489,PDB,0.427007063,SES
1/5/2016,6489,PDB,0.427007063,SES
1/6/2016,6489,PDB,0.427007063,SES
1/7/2016,6489,PDB,0.427007063,SES
1/8/2016,6489,PDB,0.427007063,SES
1/9/2016,6489,PDB,0.427007063,SES
1/10/2016,6489,PDB,0.427007063,SES
1/11/2016,6489,PDB,0.427007063,SES
1/12/2016,6489,PDB,0.427007063,SES
1/13/2016,6489,PDB,0.427007063,SES
1/14/2016,6489,PDB,0.427007063,SES
1/1/2016,1285,SO,0.252046319,Regression
1/2/2016,1285,SO,0.339182123,Regression
1/3/2016,1285,SO,0.286491685,Regression
1/4/2016,1285,SO,0.074992856,Regression
1/5/2016,1285,SO,0.135395043,Regression
1/6/2016,1285,SO,0.264874234,Regression
1/7/2016,1285,SO,0.200175681,Regression
1/8/2016,1285,SO,0.283256268,Regression
1/9/2016,1285,SO,0.41011024,Regression
1/10/2016,1285,SO,0.448668253,Regression
1/11/2016,1285,SO,0.276854785,Regression
1/12/2016,1285,SO,0.086888597,Regression
1/13/2016,1285,SO,0.188137716,Regression
1/14/2016,1285,SO,0.201182876,Regression
1/1/2016,1285,SO,0.262900133,SES
1/2/2016,1285,SO,0.262900133,SES
1/3/2016,1285,SO,0.262900133,SES
1/4/2016,1285,SO,0.262900133,SES
1/5/2016,1285,SO,0.262900133,SES
1/6/2016,1285,SO,0.262900133,SES
1/7/2016,1285,SO,0.262900133,SES
1/8/2016,1285,SO,0.262900133,SES
1/9/2016,1285,SO,0.262900133,SES
1/10/2016,1285,SO,0.262900133,SES
1/11/2016,1285,SO,0.262900133,SES
1/12/2016,1285,SO,0.262900133,SES
1/13/2016,1285,SO,0.262900133,SES
1/14/2016,1285,SO,0.262900133,SES
1/1/2016,2275,WHM,2.782600081,Regression
1/2/2016,2275,WHM,1.151478699,Regression
1/3/2016,2275,WHM,1.851458774,Regression
1/4/2016,2275,WHM,1.553010225,Regression
1/5/2016,2275,WHM,1.703224382,Regression
1/6/2016,2275,WHM,1.545675351,Regression
1/7/2016,2275,WHM,1.681352469,Regression
1/8/2016,2275,WHM,2.226916162,Regression
1/9/2016,2275,WHM,1.743945513,Regression
1/10/2016,2275,WHM,1.646016961,Regression
1/11/2016,2275,WHM,1.690272525,Regression
1/12/2016,2275,WHM,1.669962726,Regression
1/13/2016,2275,WHM,1.675131313,Regression
1/14/2016,2275,WHM,1.689418642,Regression
1/1/2016,2275,WHM,0.866020977,SES
1/2/2016,2275,WHM,0.866020977,SES
1/3/2016,2275,WHM,0.866020977,SES
1/4/2016,2275,WHM,0.866020977,SES
1/5/2016,2275,WHM,0.866020977,SES
1/6/2016,2275,WHM,0.866020977,SES
1/7/2016,2275,WHM,0.866020977,SES
1/8/2016,2275,WHM,0.866020977,SES
1/9/2016,2275,WHM,0.866020977,SES
1/10/2016,2275,WHM,0.866020977,SES
1/11/2016,2275,WHM,0.866020977,SES
1/12/2016,2275,WHM,0.866020977,SES
1/13/2016,2275,WHM,0.866020977,SES
1/14/2016,2275,WHM,0.866020977,SES
